=LDR  04293cab a22009737a 4500
=001  012970772
=003  Uk
=005  20220930155456.0
=008  040729s2004\\\\nyua\\\\\b\\\\101\0\eng\d
=010  \\$a2004104517
=020  \\$a0735401845
=040  \\$aGAT$beng$cGAT$dIXA$dUk
=090  \\$aTA1505$b.C68 2003
=111  2\$aCourse of the International School of Quantum Electronics$d(2003 :$cErice, Italy)
=245  10$aMicroresonators as building blocks for VLSI photonics :$bInternational School of Quantum Electronics, 39th Course : Erice, Italy, 18-25 October 2003 /$ceditors, Francesco Michelotti, Alfred Driessen, Mario Bertolotti.
=260  \\$aMelville, N.Y. :$bAmerican Institute of Physics,$cc2004.
=300  \\$aix, 451 p. :$bill. ;$c24 cm.
=336  \\$atext$2rdacontent
=337  \\$aunmediated$2rdamedia
=338  \\$avolume$2rdacarrier
=490  1\$aAIP conference proceedings ;$vv. 709
=504  \\$aIncludes bibliographical references and index.
=540  \\$aCurrent copyright fee: GBP29.17$c7\0$5Uk
=591  \\$aPapers. Based on those presented at the course.
=650  \0$aPhotonics.
=650  \0$aOptical resonance.
=650  \0$aIntegrated circuits$xVery large scale integration.
=653  1\$aMicroresonators
=653  1\$aVLSI photonics
=700  1\$aMichelotti, Francesco.
=700  1\$aDriessen, Alfred.
=700  1\$aBertolotti, Mario.
=710  2\$aAmerican Institute of Physics.
=830  \0$aAIP conference proceedings ;$vno. 709.
=852  41$aBritish Library$bSTI
=852  41$aBritish Library$bDSC$j0773.430000
=856  \\$31850-9999$uhttp://www.aip.org$xBLDSS
=856  41$ahttp://proceedings.aip.org/proceedings/numerindex. jsp
=945  \\$aAIP conference proceedings, ISSN 0094-243X ; vol 709 2004
=ACF  \\$aPrevious copyright fee: GBP18.18$c7\0$e01-jul-2012$fGBP18.18$g0$hP$5Uk
=ACF  \\$aPrevious copyright fee: GBP18.75$c7\0$e01-jan-2013$fGBP18.75$g0$hP$5Uk
=ACF  \\$aPrevious copyright fee: GBP19.35$c7\0$e01-jul-2013$fGBP19.35$g0$hP$5Uk
=ACF  \\$aPrevious copyright fee: GBP19.35$c7\0$e08-feb-2016$fGBP19.35$g0$hP$5Uk
=ACF  \\$aPrevious copyright fee: GBP20.69$c7\0$e01-apr-2016$fGBP20.69$g0$hP$5Uk
=ACF  \\$aPrevious copyright fee: GBP22.22$c7\0$e01-oct-2016$fGBP22.22$g0$hP$5Uk
=ACF  \\$aPrevious copyright fee: GBP24.00$c7\0$e01-apr-2017$fGBP24.00$g0$hP$5Uk
=ACF  \\$aPrevious copyright fee: GBP28.00$c7\0$e01-oct-2020$fGBP28.00$g0$hP$5Uk
=CAT  \\$a6933$b40$c20040817$lBLL01$h1443
=CAT  \\$aBATCH-CLA$b00$c20200220$lBLL01$h0511
=CAT  \\$aIPL-CLA$c20200331$lBLL01$h1613
=CAT  \\$aBATCH-UPD$b00$c20200522$lBLL01$h1541
=CAT  \\$aBATCH-CLA$b00$c20200523$lBLL01$h0507
=CAT  \\$aBATCH-CLA$b00$c20200523$lBLL01$h0533
=CAT  \\$aIPL-CLA$c20200701$lBLL01$h0054
=CAT  \\$aBATCH-UPD$b00$c20200820$lBLL01$h1757
=CAT  \\$aBATCH-CLA$b00$c20200821$lBLL01$h0110
=CAT  \\$aBATCH-CLA$b00$c20200821$lBLL01$h0112
=CAT  \\$aIPL-CLA$c20200930$lBLL01$h1643
=CAT  \\$aBATCH-UPD$b00$c20210226$lBLL01$h1123
=CAT  \\$aBATCH-CLA$b00$c20210227$lBLL01$h0457
=CAT  \\$aBATCH-CLA$b00$c20210227$lBLL01$h0523
=CAT  \\$aIPL-CLA$c20210331$lBLL01$h1841
=CAT  \\$aBATCH-UPD$b00$c20210707$lBLL01$h1647
=CAT  \\$aIPL-CLA$c20210707$lBLL01$h1955
=CAT  \\$aBATCH-CLA$b00$c20210708$lBLL01$h0428
=CAT  \\$aBATCH-UPD$b00$c20220520$lBLL01$h1732
=CAT  \\$aBATCH-CLA$b00$c20220521$lBLL01$h0433
=CAT  \\$aBATCH-CLA$b00$c20220521$lBLL01$h0458
=CAT  \\$aIPL-CLA$c20220630$lBLL01$h1707
=CAT  \\$aBATCH-UPD$b00$c20220824$lBLL01$h0949
=CAT  \\$aBATCH-CLA$b00$c20220825$lBLL01$h0446
=CAT  \\$aBATCH-CLA$b00$c20220825$lBLL01$h0508
=CAT  \\$aIPL-CLA$c20220930$lBLL01$h1554
=CAT  \\$aW2308-1659$c20230923$lBLL01$h0907
=CFI  0\$aCurrent copyright fee: GBP29.17$c7\0$e01-oct-2022$fGBP29.17$g0$hP$5Uk
=CFI  2\$aPrevious copyright fee: GBP28.00$c7\0$e01-jul-2022$fGBP28.00$g0$hP$5Uk
=CNF  \\$aInternational School of Quantum Electronics$n(39th :$d2003 Oct :$cErice, Italy)
=FFP  \\$aY$bBLDSS-3PM
=FIN  \\$aY
=FMT  \\$a  SE
=LAS  \\$aW2308-1659$b00$c20230923$lBLL01$h0907
=SID  \\$aZ39$bOCLC
=TCO  \\$aTRS$bCCC$c008
=UNO  \\$aY

