=LDR  04144cam a22009617a 4500
=001  016010817
=003  Uk
=005  20220930160951.0
=008  110428s2011\\\\nyua\\\\\b\\\\100\0\eng\d
=020  \\$a9780735409118
=020  \\$a0735409110
=035  \\$a(OCoLC)754986304
=040  \\$aSzZUIDS$bger$cCHVBK$dUk
=050  \4$aTS183$b.E83 2011e
=082  04$a530.15$223$qUK-WkNB
=245  00$aProceedings /$cthe 14th International Conference on Material Forming ESAFORM 2011, Queen's University Belfast 27-29 April 2011 ; ed.: Gary Menary.
=246  13$a14th International Conference on Material Forming
=246  13$aESAFORM 2011
=260  \\$aMelville, N.Y :$bAmerican Institute of Physics,$c2011.
=300  \\$a2 parts :$bIll. ;$c29 cm.
=336  \\$atext$2rdacontent
=337  \\$aunmediated$2rdamedia
=338  \\$avolume$2rdacarrier
=490  0\$aAIP conference proceedings ;$v1353
=504  \\$aIncludes bibliographical references and index.
=540  \\$aCurrent copyright fee: GBP29.17$c7\0$5Uk
=591  \\$aPapers.
=650  \0$aManufacturing processes$vCongresses.
=650  \0$aMaterials$vCongresses.
=650  \0$aMetal-work$vCongresses.
=700  1\$aMenary, Gary.
=711  2\$aESAFORM Conference on Material Forming.
=852  41$aBritish Library$bSTI
=852  41$aBritish Library$bDSC$j0773.430000
=852  41$aBritish Library$bSTI
=852  41$aBritish Library$bDSC$j0773.430000
=856  \\$3Volltext$uhttp://sfx.ethz.ch/sfx_locater?sid=ALEPH:EBI01&genre=journal&issn=0094-243X&volume=1353$zOnline via SFX
=856  \\$31850-9999$uhttp://www.aip.org$xBLDSS
=945  \\$aAIP conference proceedings ; no 1353 pt 1-2 2011
=985  \\$aCorrected by MS generated file for WR# 13.051
=ACF  \\$aPrevious copyright fee: GBP18.75$c7\0$e01-jan-2013$fGBP18.75$g0$hP$5Uk
=ACF  \\$aPrevious copyright fee: GBP19.35$c7\0$e01-jul-2013$fGBP19.35$g0$hP$5Uk
=ACF  \\$aPrevious copyright fee: GBP19.35$c7\0$e08-feb-2016$fGBP19.35$g0$hP$5Uk
=ACF  \\$aPrevious copyright fee: GBP20.69$c7\0$e01-apr-2016$fGBP20.69$g0$hP$5Uk
=ACF  \\$aPrevious copyright fee: GBP22.22$c7\0$e01-oct-2016$fGBP22.22$g0$hP$5Uk
=ACF  \\$aPrevious copyright fee: GBP24.00$c7\0$e01-apr-2017$fGBP24.00$g0$hP$5Uk
=ACF  \\$aPrevious copyright fee: GBP28.00$c7\0$e01-oct-2020$fGBP28.00$g0$hP$5Uk
=CAT  \\$a7164$b40$c20120118$lBLL01$h1108
=CAT  \\$aBATCH-CLA$b00$c20200220$lBLL01$h0512
=CAT  \\$aIPL-CLA$c20200331$lBLL01$h1627
=CAT  \\$aBATCH-UPD$b00$c20200522$lBLL01$h1543
=CAT  \\$aBATCH-CLA$b00$c20200523$lBLL01$h0507
=CAT  \\$aBATCH-CLA$b00$c20200523$lBLL01$h0537
=CAT  \\$aIPL-CLA$c20200701$lBLL01$h0112
=CAT  \\$aBATCH-UPD$b00$c20200820$lBLL01$h1758
=CAT  \\$aBATCH-CLA$b00$c20200821$lBLL01$h0111
=CAT  \\$aBATCH-CLA$b00$c20200821$lBLL01$h0112
=CAT  \\$aIPL-CLA$c20200930$lBLL01$h1646
=CAT  \\$aBATCH-UPD$b00$c20210226$lBLL01$h1125
=CAT  \\$aBATCH-CLA$b00$c20210227$lBLL01$h0457
=CAT  \\$aBATCH-CLA$b00$c20210227$lBLL01$h0527
=CAT  \\$aIPL-CLA$c20210331$lBLL01$h1859
=CAT  \\$aBATCH-UPD$b00$c20210707$lBLL01$h1648
=CAT  \\$aIPL-CLA$c20210707$lBLL01$h2002
=CAT  \\$aBATCH-CLA$b00$c20210708$lBLL01$h0429
=CAT  \\$aBATCH-UPD$b00$c20220520$lBLL01$h1733
=CAT  \\$aBATCH-CLA$b00$c20220521$lBLL01$h0433
=CAT  \\$aBATCH-CLA$b00$c20220521$lBLL01$h0502
=CAT  \\$aIPL-CLA$c20220630$lBLL01$h1723
=CAT  \\$aBATCH-UPD$b00$c20220824$lBLL01$h0950
=CAT  \\$aBATCH-CLA$b00$c20220825$lBLL01$h0447
=CAT  \\$aBATCH-CLA$b00$c20220825$lBLL01$h0509
=CAT  \\$aIPL-CLA$c20220930$lBLL01$h1609
=CFI  0\$aCurrent copyright fee: GBP29.17$c7\0$e01-oct-2022$fGBP29.17$g0$hP$5Uk
=CFI  2\$aPrevious copyright fee: GBP28.00$c7\0$e01-jul-2022$fGBP28.00$g0$hP$5Uk
=CNF  \\$aInternational Conference on Material Forming$n(14th :$d2011 Apr :$cBelfast, Northern Ireland)
=FFP  \\$aY$bBLDSS-3PM
=FIN  \\$aY$d20120119
=FMT  \\$a  BK
=LAS  \\$aIPL-CLA$b00$c20220930$lBLL01$h1609
=SID  \\$aZ39$bOCLC
=TCO  \\$aTRS$bCCC$c008
=UNO  \\$aY

