=LDR  14709cam a22007937i 4500
=001  018429116
=003  Uk
=005  20230924063404.0
=008  170302t20172017ne\ad\\\\b\\\\001\0\eng\d
=010  \\$a  2017932035
=020  \\$a1614997411
=020  \\$a9781614997412 (print)
=020  \\$z9781614997429 (online)
=020  \\$a161499742X
=035  \\$a(OCoLC)973303593$z(OCoLC)973383753$z(OCoLC)973531029$z(OCoLC)973761366$z(OCoLC)973801848$z(OCoLC)973907259
=040  \\$aYDX$beng$cYDX$dUWO$dYDX$dOCLCO$dOCLCF$dOCLCO$dTXI$dOCLCO$dQGQ$dUk$erda
=042  \\$aukblderived
=050  \4$aR858.A2$bI83 2017
=060  \4$aW 26.5
=082  04$a610.285$223
=084  \\$a44.32$2bcl
=245  00$aBuilding capacity for health informatics in the future /$cedited by Francis Lau, John Bartle-Clar, Gerry Bliss, Elizabeth Borycki, Karen Courtney, Alex Kuo.
=264  \1$aAmsterdam :$bIOS Press,$c[2017]
=264  \4$c©2017
=300  \\$axviii, 431 pages :$billustrations, charts ;$c24 cm.
=336  \\$atext$btxt$2rdacontent
=337  \\$aunmediated$bn$2rdamedia
=338  \\$avolume$bnc$2rdacarrier
=490  0\$aStudies in health technology and informatics,$x0926-9630 ;$vvolume 234
=504  \\$aIncludes bibliographical references and indexes.
=505  0\$aWhat We Can Learn from Amazon for Clinical Decision Support Systems / Sidra Abid, Karim Keshavjee, Arsalan Karim, Aziz Guergachi -- The Connecting South West Ontario (cSWO) Benefits Model: An Approach for the Collaborative Capture of Value of Electronic Health Records and Enabling Technology / Ted Alexander, Lori-Anne Huebner, Mohamed Alarakhia, Kirk Hollohan -- Your Health Care May Kill You: Medical Errors / James G. Anderson, Kathleen Abrahamson -- Translating Behavior Change Techniques to New Delivery Mediums / Marcy G. Antonio, Karen L. Courtney, Jennifer H. Lingler, Judith T. Matthews -- Mobile Audience Response Systems at a Continuing Medical Education Conference / Alexandra Beaumont, Michael Gousseau, Connor Sommerfeld, Darren Leitao, Adrian Gooi -- Mapping Local Codes to Read Codes / Wilfred Bonney, James Galloway, Christopher Hall, Mikhail Ghattas, Leandro Tramma, Thomas Nind, Louise Donnelly, Emily Jefferson, Alexander Doney -- .Isolating the Effects of a Mobile Phone on the Usability and Safety of eHealth Software Applications / Elizabeth M. Borycki, Janessa Griffith, Helen Monkman, Cheryl Reid-Haughian -- Towards a Framework for Managing Risk Associated with Technology-Induced Error / Elizabeth M. Borycki, Andre W. Kushniruk -- Diabetes mHealth Apps: Designing for Greater Uptake / Ronak Brahmbhatt, Shadi Niakan, Nishita Saha, Anukriti Tewari, Ashfiya Pirani, Natasha Keshavjee, Dora Mugambi, Nasrin Alavi, Karim Keshavjee -- Community Paramedicine Initiative: Transforming Paramedicine in British Columbia / Colton Calderone, Michelle Brittain, Daniel Sirivar, Nancy Kotani -- Collaborators and Communication Channels in Eight Patient-Centered Medical Homes / Dian A. Chase, David A. Dorr, Deborah J. Cohen, Joan S. Ash -- Storing and Querying Longitudinal Data Sets in an Open Source EHR / John Chelsom, Naveed Dogar -- .Infrastructure and Capacity Building for Semantic Interoperability in Healthcare in the Netherlands / Ronald Cornet -- Designing Personal Health Record Technology for Shared Decision Making / Selena Davis, Abdul Roudsari, Karen L. Courtney -- An Engagement Model for Medication Management: From Prescription to Description and Conscription / Simon Diemert, Jens Weber, Morgan Price -- Considering the Language of Computerized Order Entry Systems / Simon Diemert, Jens Weber, Morgan Price -- Using Medical Informatics to Improve Clinical Trial Operations / Eric L. Eisenstein, Amy Harris Nordo, Meredith Nahm Zozus -- Randomized Trial of Population-Based Clinical Decision Support to Facilitate Care Transitions / Eric L. Eisenstein, Janese M. Willis, Rex Edwards, Kevin J. Anstrom, Kensaku Kawamoto, Guilherme Del Fiol, Fred S. Johnson, David F. Lobach -- .A Student-Centered Mental Health Virtual Community Needs and Features: A Focus Group Study / Christo El Morr, Catherine Maule, Iqra Ashfaq, Paul Ritvo, Farah Ahmad -- How to Evaluate Mobile Health Applications: A Scoping Review / Pasquale Fiore -- Enabling Adolescent Electronic Access to Personal Health Information / Cassandra Frazer, Fraser Ratchford, Joan Roch -- Expanding the Reach of Continuing Educational Offerings Through a Web-Based Virtual Network: The Experience of InspireNet / Noreen C. Frisch, Pat Atherton, Elizabeth M. Borycki, Grace Mickelson, Agnes Black, Helen Novak Lauscher, Jennifer Cordeiro.
=505  0\$aDeriving a Set of Privacy Specific Heuristics for the Assessment of PHRs (Personal Health Records) / Riccardo F. Furano, Andre Kushniruk, Jeff Barnett -- The Cost of Quality in Diabetes / Ahmad Ghany, Karim Keshavjee -- Use and Maturity of Electronic Patient Portals / Bobby Gheorghiu, Simon Hagens -- The Use of Case Studies in Systems Implementations Within Health Care Settings: A Scoping Review / Rav Gill, Elizabeth M. Borycki -- Usability and eHealth Literacy Evaluation of a Mobile Health Application Prototype to Track Diagnostic Imaging Examinations / Janessa Griffith, Helen Monkman -- Novel Approaches to Digital Health Evaluation Capacity Building / Simon Hagens, Sukirtha Tharmalingam -- Better Data Quality for Better Healthcare Research Results - A Case Study / Robert Hart, Mu-Hsing Kuo -- Expert Medical Decision-Making: How the Data-Frame Theory Can Explain Physician Sense-Making / Darren Hudson, Gurmeet Singh -- .Selfies of Sickness: The Use of Video Diaries with Chronically Ill Children / Nina Karisalmi, Mika P. Nieminen -- IT for Bending the Healthcare Cost Curve: The High Needs, High Cost Approach / Karim Keshavjee, Douglas Morrison, Shams Mohammed, Aziz Guergachi -- Interface Usability Across and Within EHR Vendors and Medical Settings: The Often Unexamined Need for Interface Similarities / Ross Koppel, Craig Kuziemsky -- Integration of Health Information Systems Using HL7: A Case Study / Jessica Wan-Yi Kuo, Alex Mu-Hsing Kuo -- Low-Cost Rapid Usability Testing: Its Application in Both Product Development and System Implementation / Andre Kushniruk, Elizabeth Borycki -- Naturalistic Usability Testing of Inpatient Medication Reconciliation Software / Blake Lesselroth, Kathleen Adams, Stephanie Tallett, Lindsay Ong, Susan Bliss, Scott Ragland, Hanna Tran, Victoria Church -- .Patient-Centred Design of Healthcare Services: Meaningful Events as Basis for Patient Experiences of Families / Petri Mannonen, Johanna Kaipio, Mika P. Nieminen -- How to Reach Evidence-Based Usability Evaluation Methods / Romaric Marcilly, Linda Peute -- Developing Effective Case Scenarios for Interprofessional Electronic Health Record Research / Kristie McDonald, Karen L. Courtney, Noreen Frisch -- Digital Health Services and Digital Identity in Alberta / Aiden McEachern, David Cholewa -- Building Research Capacity: Results of a Feasibility Study Using a Novel mHealth Epidemiological Data Collection System Within a Gestational Diabetes Population / Allen McLean, Nathaniel Osgood, Jill Newstead-Angel, Kevin Stanley, Dylan Knowles, William van der Kamp, Weicheng Qian, Roland Dyck.
=505  0\$aAll Consumer Medication Information Is Not Created Equal: Implications for Medication Safety / Helen Monkman, Andre W. Kushniruk -- Consumer Medication Information: Similarities and Differences Between Three Canadian Pharmacies / Helen Monkman, Andre W. Kushniruk -- An Enterprise Architecture Perspective to Electronic Health Record Based Care Governance / Bogdan Motoc -- A Survey of Standard Information Models for Clinical Decision Support Systems / Seyed Ali Mussavi Rizi, Abdul Roudsari -- Evaluation of Electronic Prescribing Decision Support System at a Tertiary Care Pediatric Hospital: The User Acceptance Perspective / Abdurahman Omar, Johan Ellenius, Synnöve Lindemalm -- Designing Novel Health ICTs to Support Work, Not Generate It: Five Principles / David Peddie, Serena Small, Maeve Wickham, Chantelle Bailey, Corinne Hohl, Ellen Balka -- .AIM - Agile Instrumented Monitoring for Improving User Experience of Participation in HealthIT Development / Janne Pitkänen, Marko Nieminen -- The Role of Personal Health Record Systems in Chronic Disease Management / Reshma Prashad -- InfoSAGE: Use of Online Technologies for Communication and Elder Care / Yuri Quintana, Bradley Crotty, Darren Fahy, Alex Orfanos, Ruchira Jain, Eli Kaldany, Lewis Lipsitz, Diane Engorn, Jorge Rodriguez, Frank Pandolfe, Adarsha Bajracharya, Warner V. Slack, Charles Safran -- A Conceptual Model for Increasing Use of Electronic Medical Records by Primary Care Physicians Through End-User Support / Gurprit K. Randhawa -- Adding Live-Streaming to Recorded Lectures in a Non-Distributed Pre-Clerkship Medical Education Model / Amanjot Sandhu, Aviva Fliker, Darren Leitao, Jodi Jones, Adrian Gooi -- .Usability Validation of Medical Devices: Issues in Identifying Potential Use Errors / Jessica Schiro, Sylvia Pelayo, Thomas Weinhold, Marzia Del Zotto, Romaric Marcilly -- Information Exchange Between Providers During Transitions of Surgical Care: Communication, Documentation and Sometimes Both / Stacey Slager, Julie Beckstrom, Charlene Weir, Guilherme Del Fiol, Benjamin S. Brooke -- Model-Driven Paediatric Cardiomyopathy Pathways - A Clinical Impact Assessment / Karl A. Stroetmann, Rainer Thiel -- The Need for Electronic Health Records in Long-Term Care / Sukirtha Tharmalingam, Simon Hagens, Sarah English -- Bacculaureate Nursing Students' Abilities in Critically Identifying and Evaluating the Quality of Online Health Information / Maggie Theron, Anne Redmond, Elizabeth M. Borycki -- Nursing Students' Perceived Learning from a Digital Health Assignment as Part of the Nursing Care for the Childbearing Family Course / Maggie Theron, Anne Redmond, Elizabeth M. Borycki.
=505  0\$aCritical Success Factors and Engagement Methodology for Successful Project Delivery / Darryl Tourond, Haley Moore, Nancy Kotani -- Clinical Simulation: Evaluating the Usability of a Health Information System in a Telenurse Call Centre / Danica S. Tuden, Elizabeth M. Borycki, Andre W. Kushniruk -- End-Users' Voice in EHR Selection: Development of a Usability Questionnaire for Demonstrations in Procurement (DPUQ) / Mari Tyllinen, Johanna Kaipio, Tinja Lääveri, Marko Nieminen -- National Monitoring and Evaluation of Health IT: Protocol for a Scoping Review / Sidsel Villumsen, Christian Nøhr -- Technology-Induced Errors and Adverse Event Reporting in an Organizational Learning Perspective / Line Dausel Vinther, Christian Møller Jensen, Ditte Meulengracht Hjel-Mager, Nicoline Lyhne, Christian Nøhr -- The Impact of Computerized Provider Order Entry on Nursing Practice / Rosabella Vito, Elizabeth M. Borycki, Andre W. Kushniruk, Tracey Schneider -- .Thought Spot: Co-Creating Mental Health Solutions with Post-Secondary Students / David Wiljer, Andrew Johnson, Erica McDiarmid, Alexxa Abi-Jaoude, Genevieve Ferguson, Elisa Hollenberg, Nicole van Heerwaarden, Tim Tripp, Marcus Law -- Complex Clinical Communication Practices: How Do Information Receivers Assimilate and Act Upon Information for Patient Care? / Ming Chao Wong, Kwang Chien Yee, Paul Turner -- The Evolving Role of Medical Scribe: Variation and Implications for Organizational Effectiveness and Safety / Deborah V. Woodcock, Robert Pranaat, Karess McGrath, Joan S. Ash -- Pokémon Go: Ubiquitous Computing Delivering Better Health or Co-Incidental Health Benefits from Technology Use? A Participatory Observational Study / Kwang Chien Yee, Ming Chao Wong, Paul Turner -- Adoption of Electronic Health Record System in Community-Based Physiotherapy Clinics: A Pilot Case Study / Alan Yung -- .Design and Development of a Web-Based Self-Monitoring System to Support Wellness Coaching / Reza Zarei, Alex Kuo -- Multi-EMR Structured Data Entry Form: User-Acceptance Testing of a Prototype / Abbas Zavar, Karim Keshavjee -- Designing a Surveillance System in Canada to Detect Adverse Interactions Between Traditional Chinese Medicine and Western Medicine: Issues and Considerations / Jingfei Zhang, Kendall Ho -- Towards Data Value-Level Metadata for Clinical Studies / Meredith Nahm Zozus, Joseph Bonner.
=520  \\$aThis book presents the proceedings of the 2017 Information Technology and Communications in Health conference (ITCH 2017), held in Victoria, BC, Canada, in February 2017. The conference considers, from a variety of perspectives, what is required to move the technology forward to real, sustained and widespread use, and the solutions examined range from improvements in usability and training to the need for new and improved design of information systems, user interfaces and interoperable solutions. Government policies, mandates, initiatives and the need for regulation are also explored, as is the requirement for improved interaction between industrial, governmental and academic partners.
=530  \\$aAlso published electronically.
=540  \\$aCurrent copyright fee: GBP15.00$c27\0$5Uk
=650  \0$aMedical informatics$vCongresses.
=650  \7$aMedical informatics.$2fast$0(OCoLC)fst01014175
=650  \2$aMedical Informatics.
=655  \7$aConference papers and proceedings.$2fast$0(OCoLC)fst01423772
=655  \2$aCongresses.
=700  1\$aLau, Francis$q(Francis C.),$eeditor.
=700  1\$aBartle-Clar, John,$eeditor.
=700  1\$aBliss, Gerry,$eeditor.
=700  1\$aBorycki, Elizabeth,$d1968-$eeditor.
=700  1\$aCourtney, Karen L.,$eeditor.
=700  1\$aKuo, Alex$q(Alex Mu-Hsing),$eeditor.
=852  41$aBritish Library$bHMNTS
=852  41$aBritish Library$bDSC$j8490.628200
=856  \\$31850-9999$uhttp://www.iospress.nl/$xBLDSS
=856  4\$uhttp://www.iospress.nl/book/building-capacity-for-health-informatics-in-the-future/$zConnect to Internet resource
=CAT  \\$a8411$b40$c20170717$lBLL01$h1129
=CAT  \\$a8411$b40$c20170717$lBLL01$h1131
=CAT  \\$aBATCH-CLA$b00$c20170718$lBLL01$h0112
=CAT  \\$aBATCH-UPD$b00$c20170719$lBLL01$h0051
=CAT  \\$aBATCH-CLA$b00$c20170720$lBLL01$h0119
=CAT  \\$aBLDSS-3PM$b00$c20170724$lBLL01$h1530
=CAT  \\$aBATCH-UPD$b00$c20170724$lBLL01$h1539
=CAT  \\$aBATCH-CLA$b00$c20170725$lBLL01$h0113
=CAT  \\$aW2308-1659$c20230923$lBLL01$h0934
=CAT  \\$aBATCH-CLA$b00$c20230924$lBLL01$h0634
=CFI  0\$aCurrent copyright fee: GBP15.00$c27\0$e09-may-2011$fGBP15.00$g0$hP$5Uk
=FFP  \\$aY$bBLDSS-3PM
=FIN  \\$aY$d20170717
=FMT  \\$a  BK
=LAS  \\$aBATCH-CLA$b00$c20230924$lBLL01$h0634
=SID  \\$aZ39$bOCLC
=UNO  \\$aY

