=LDR  02688cam a2200673 a 4500
=001  015776863
=003  Uk
=005  20111230002456.0
=008  110407s2011\\\\ne\\\\\\\b\\\\101\0\eng\\
=010  \\$a2011014695  
=015  \\$aGBB137655$2bnb
=016  7\$a015776863$2Uk
=020  \\$a9789004188976 (hbk.) :$cNo price
=020  \\$a9004188975 (hbk.) :$cNo price
=040  \\$aStDuBDS$beng$cStDuBDS$dUk
=042  \\$aukblsr
=050  00$aB785.F44$bL38 2011
=082  00$a186.4$222
=245  00$aLaus Platonici philosophi :$bMarsilio Ficino and his influence /$cedited by Stephen Clucas, Peter J. Forshaw, Valery Rees.
=260  \\$aLeiden :$bBrill ;$aBiggleswade :$bExtenza Turpin [distributor],$c2011.
=300  \\$axii, 384 p. ;$c25 cm.
=336  \\$atext$2rdacontent
=337  \\$aunmediated$2rdamedia
=338  \\$avolume$2rdacarrier
=490  1\$aBrill's studies in intellectual history,$x0920-8607 ;$vv. 198
=500  \\$aFormerly CIP.$5Uk
=500  \\$aProceedings of a conference held in Sept. 2004 at Birkbeck College.
=504  \\$aIncludes bibliographical references and index.
=540  \\$aCurrent copyright fee: GBP22.00$c74\0$5Uk
=600  10$aFicino, Marsilio,$d1433-1499$vCongresses.
=655  \4$aKongress$zLondon$y2004.
=700  1\$aClucas, Stephen,$d1960-
=700  1\$aForshaw, Peter J.
=700  1\$aRees, Valery,$d1947-
=830  \0$aBrill's studies in intellectual history ;$vv. 198.$x0920-8607.
=852  41$aBritish Library$bDSC$j2284.130000
=852  41$aBritish Library$bHMNTS
=856  \\$uhttp://bvbr.bib-bvb.de:8991/F?func=service&doc_library=BVB01&doc_number=022540519&line_number=0001&func_code=DB_RECORDS&service_type=MEDIA$zInhaltsverzeichnis
=856  \\$31850-9999$uhttp://www.brill.com/$xBLDSS
=BUF  \\$aN$d20110801
=CAT  \\$aBATCH-CIPN$b00$c20110322$lBLL01$h1701
=CAT  \\$a7233$b40$c20110801$lBLL01$h0947
=CAT  \\$aBATCH-BUOC$b00$c20111230$lBLL01$h0024
=CAT  \\$aBATCH-UPD$b00$c20111230$lBLL01$h0025
=CAT  \\$aBATCH-CLA$b00$c20120928$lBLL01$h1835
=CAT  \\$aBATCH-CLA$b00$c20120930$lBLL01$h1044
=CAT  \\$aBATCH-CLA$b00$c20130417$lBLL01$h0030
=CAT  \\$aBATCH-CLA$b00$c20130508$lBLL01$h0730
=CAT  \\$aBLDSS-3PM$b00$c20150131$lBLL01$h2314
=CAT  \\$aBATCH-UPD$b00$c20160524$lBLL01$h2301
=CAT  \\$aBATCH-UPD$b00$c20160525$lBLL01$h0654
=CAT  \\$aWR16_021$c20160701$lBLL01$h1818
=CFI  0\$aCurrent copyright fee: GBP22.00$c74\0$e16-apr-2013$fGBP22.00$g0$hP$5Uk
=FFP  \\$aY$bBLDSS-3PM
=FIN  \\$aY$d20110801
=FMT  \\$a  BK
=LAS  \\$aWR16_021$b00$c20160701$lBLL01$h1818
=TCO  \\$aNLD$bSTICHTING REPRORECHT$c008
=UNO  \\$aY

