=LDR  04992cam a22010097a 4500
=001  015812117
=003  Uk
=005  20220930160856.0
=008  100907s2010\\\\nyua\\\\\b\\\\101\0\eng\c
=010  \\$a2010907670
=020  \\$a9780735407954
=020  \\$a0735407959
=035  \\$a(OCoLC)662578310$z(OCoLC)672025732$z(OCoLC)678485876
=040  \\$aYDXCP$beng$cYDXCP$dIQU$dHLS$dRAO$dUk
=042  \\$aukblderived
=050  \4$aQB472.A1$bX226 2010
=245  00$aX-Ray astronomy-2009 :$bpresent status, multi-wavelength approach and future perspectives : proceedings of the international conference, Bologna, Italy, 7-11 September 2009 /$ceditors, Andrea Comastri, Massimo Cappi, Lorella Angelini ; sponsoring organizations, NASA, ESA (European Space Agency), INAF (Italian Nationallnstitue [i.e. National Institute] for Astrophysics), [and] UNlBO (University of Bologna, Astronomy Department).
=260  \\$aMelville, N.Y. :$bAmerican Institute of Physics,$c2010.
=300  \\$axviii, 627 p. :$bill. (some col.) ;$c25 cm.
=336  \\$atext$2rdacontent
=337  \\$aunmediated$2rdamedia
=338  \\$avolume$2rdacarrier
=490  1\$aAIP conference proceedings,$x0094-243X ;$v1248
=500  \\$a"Organized jointly by the Italian National lnstitue for Astrophysics and the Astronomy Department of Bologna University, with support by ESA and NASA"--P. xvii.
=500  \\$a"All papers have been peer reviewed."
=504  \\$aIncludes bibliographical references and index.
=505  0\$aStars -- Supernovae remnants and pulsar wind nebulae -- Gamma-ray bursts -- Galactic compact objects -- Normal and starburst galaxies -- Clusters of galaxies -- Active galactic nebulae -- Curent and futire missions.
=540  \\$aCurrent copyright fee: GBP29.17$c7\0$5Uk
=591  \\$aPapers.
=650  \0$aX-ray astronomy$vCongresses.
=650  \0$aAstrophysics$vCongresses.
=653  1\$aMulti-wavelength
=700  1\$aComastri, Andrea.
=700  1\$aCappi, Massimo.
=700  1\$aAngelini, L.$q(Lorella).
=710  2\$aIstituto nazionale di astrofisica (Italy)
=710  2\$aUniversità di Bologna.$bDipartimento di astronomia.
=830  \0$aAIP conference proceedings ;$vno. 1248.
=852  41$aBritish Library$bSTI
=852  41$aBritish Library$bDSC$j0773.430000
=856  \\$uhttp://scitation.aip.org/dbt/dbt.jsp?KEY=APCPCS&Volume=1248&Issue=1$zTable of contents
=856  \\$31850-9999$uhttp://www.aip.org$xBLDSS
=945  \\$aAIP conference proceedings, ISSN 0094-243X ; [no] 1248 2010
=ACF  \\$aPrevious copyright fee: GBP18.18$c7\0$e01-jul-2012$fGBP18.18$g0$hP$5Uk
=ACF  \\$aPrevious copyright fee: GBP18.75$c7\0$e01-jan-2013$fGBP18.75$g0$hP$5Uk
=ACF  \\$aPrevious copyright fee: GBP19.35$c7\0$e01-jul-2013$fGBP19.35$g0$hP$5Uk
=ACF  \\$aPrevious copyright fee: GBP19.35$c7\0$e08-feb-2016$fGBP19.35$g0$hP$5Uk
=ACF  \\$aPrevious copyright fee: GBP20.69$c7\0$e01-apr-2016$fGBP20.69$g0$hP$5Uk
=ACF  \\$aPrevious copyright fee: GBP22.22$c7\0$e01-oct-2016$fGBP22.22$g0$hP$5Uk
=ACF  \\$aPrevious copyright fee: GBP24.00$c7\0$e01-apr-2017$fGBP24.00$g0$hP$5Uk
=ACF  \\$aPrevious copyright fee: GBP28.00$c7\0$e01-oct-2020$fGBP28.00$g0$hP$5Uk
=CAT  \\$a7164$b40$c20110523$lBLL01$h1314
=CAT  \\$aBATCH-CLA$b00$c20200220$lBLL01$h0512
=CAT  \\$aIPL-CLA$c20200331$lBLL01$h1626
=CAT  \\$aBATCH-UPD$b00$c20200522$lBLL01$h1542
=CAT  \\$aBATCH-CLA$b00$c20200523$lBLL01$h0507
=CAT  \\$aBATCH-CLA$b00$c20200523$lBLL01$h0537
=CAT  \\$aIPL-CLA$c20200701$lBLL01$h0111
=CAT  \\$aBATCH-UPD$b00$c20200820$lBLL01$h1758
=CAT  \\$aBATCH-CLA$b00$c20200821$lBLL01$h0111
=CAT  \\$aBATCH-CLA$b00$c20200821$lBLL01$h0112
=CAT  \\$aIPL-CLA$c20200930$lBLL01$h1645
=CAT  \\$aBATCH-UPD$b00$c20210226$lBLL01$h1124
=CAT  \\$aBATCH-CLA$b00$c20210227$lBLL01$h0457
=CAT  \\$aBATCH-CLA$b00$c20210227$lBLL01$h0527
=CAT  \\$aIPL-CLA$c20210331$lBLL01$h1858
=CAT  \\$aBATCH-UPD$b00$c20210707$lBLL01$h1648
=CAT  \\$aIPL-CLA$c20210707$lBLL01$h2002
=CAT  \\$aBATCH-CLA$b00$c20210708$lBLL01$h0429
=CAT  \\$aBATCH-UPD$b00$c20220520$lBLL01$h1733
=CAT  \\$aBATCH-CLA$b00$c20220521$lBLL01$h0433
=CAT  \\$aBATCH-CLA$b00$c20220521$lBLL01$h0501
=CAT  \\$aIPL-CLA$c20220630$lBLL01$h1722
=CAT  \\$aBATCH-UPD$b00$c20220824$lBLL01$h0950
=CAT  \\$aBATCH-CLA$b00$c20220825$lBLL01$h0447
=CAT  \\$aBATCH-CLA$b00$c20220825$lBLL01$h0509
=CAT  \\$aIPL-CLA$c20220930$lBLL01$h1608
=CFI  0\$aCurrent copyright fee: GBP29.17$c7\0$e01-oct-2022$fGBP29.17$g0$hP$5Uk
=CFI  2\$aPrevious copyright fee: GBP28.00$c7\0$e01-jul-2022$fGBP28.00$g0$hP$5Uk
=CNF  \\$aX-Ray astronomy (International conference)$d(2009 Sep :$cBologna, Italy)
=FFP  \\$aY$bBLDSS-3PM
=FIN  \\$aY$d20110526
=FMT  \\$a  BK
=LAS  \\$aIPL-CLA$b00$c20220930$lBLL01$h1608
=SID  \\$aZ39$bOCLC
=TCO  \\$aTRS$bCCC$c008
=UNO  \\$aY

