=LDR  04941cam a2201057 a 4500
=001  015870369
=003  Uk
=005  20220930160916.0
=007  co\cg|||||||||
=008  110512s2010\\\\nyua\\\\\b\\\\101\0\eng\c
=010  \\$a  2009914198
=020  \\$a9780735407596 (pbk.)
=020  \\$a0735407592 (pbk.)
=035  \\$a(OCoLC)ocn650968391
=040  \\$aRAO$cRAO$dIQU$dSQD$dDLC$dUk
=042  \\$aukblsr
=050  00$aQB529$b.I65 2009
=082  00$a523.58$223
=111  2\$aInternational Solar Wind Conference$n(12th :$d2009 :$cSaint-Malo, France)
=245  10$aTwelfth International Solar Wind Conference, Saint-Malo, France, 21-26 June 2009 /$ceditors, Milan Maksimovic ... [et al.].
=246  3\$a12th International Solar Wind Conference
=246  3\$aProceedings of the Twelfth International Solar Wind Conference
=246  3\$aProceedings of the 12th International Solar Wind Conference
=246  3\$aSolar wind 12
=260  \\$aMelville, N.Y. :$bAmerican Institute of Physics,$c2010.
=300  \\$axvii, 725 p. :$bill. (some col.) ;$c28 cm. +$e1 CD-ROM (4 3/4 in.).
=336  \\$atext$2rdacontent
=337  \\$acomputer$2rdamedia
=338  \\$acomputer disc$2rdacarrier
=490  1\$aAIP conference proceedings,$x0094-243X ;$v1216
=500  \\$a"All papers have been peer reviewed."
=504  \\$aIncludes bibliographical references and author index.
=505  0\$aCoronal heating & the acceleration of the fast solar wind -- Physical processes in the solar wind (waves, turbulence, kinetics ...) -- Slow wind streams, coronal mass ejections & 3D structures of the corona and heliosphere -- Solar wind through its interaction processes with solar system objects and dust -- Energetic particles & frontiers of the heliosphere -- Open session including solar cycle studies.
=540  \\$aCurrent copyright fee: GBP29.17$c7\0$5Uk
=591  \\$aPapers.
=650  \0$aSolar wind$vCongresses.
=650  \0$aHeliosphere (Astrophysics)$vCongresses.
=650  \0$aSpace plasmas$vCongresses.
=650  \0$aCosmic rays$vCongresses.
=651  \0$aSun$xCorona$vCongresses.
=651  \1$aSun$xCorona$vCongresses.
=700  1\$aMaksimovic, Milan.
=830  \0$aAIP conference proceedings ;$vno. 1216.
=852  41$aBritish Library$bSTI
=852  41$aBritish Library$bDSC$j0773.430000
=856  \\$31850-9999$uhttp://www.aip.org$xBLDSS
=856  40$uhttp://scitation.aip.org/dbt/dbt.jsp?KEY=APCPCS&Volume=1216&Issue=1$zTable of contents
=945  \\$aAIP conference proceedings, ISSN 0094-243X ; vol 1216 2010
=ACF  \\$aPrevious copyright fee: GBP18.75$c7\0$e01-jan-2013$fGBP18.75$g0$hP$5Uk
=ACF  \\$aPrevious copyright fee: GBP19.35$c7\0$e01-jul-2013$fGBP19.35$g0$hP$5Uk
=ACF  \\$aPrevious copyright fee: GBP19.35$c7\0$e08-feb-2016$fGBP19.35$g0$hP$5Uk
=ACF  \\$aPrevious copyright fee: GBP20.69$c7\0$e01-apr-2016$fGBP20.69$g0$hP$5Uk
=ACF  \\$aPrevious copyright fee: GBP22.22$c7\0$e01-oct-2016$fGBP22.22$g0$hP$5Uk
=ACF  \\$aPrevious copyright fee: GBP24.00$c7\0$e01-apr-2017$fGBP24.00$g0$hP$5Uk
=ACF  \\$aPrevious copyright fee: GBP28.00$c7\0$e01-oct-2020$fGBP28.00$g0$hP$5Uk
=CAT  \\$a7233$b40$c20110817$lBLL01$h0935
=CAT  \\$aBATCH-CLA$b00$c20200220$lBLL01$h0512
=CAT  \\$aIPL-CLA$c20200331$lBLL01$h1627
=CAT  \\$aBATCH-UPD$b00$c20200522$lBLL01$h1543
=CAT  \\$aBATCH-CLA$b00$c20200523$lBLL01$h0507
=CAT  \\$aBATCH-CLA$b00$c20200523$lBLL01$h0537
=CAT  \\$aIPL-CLA$c20200701$lBLL01$h0111
=CAT  \\$aBATCH-UPD$b00$c20200820$lBLL01$h1758
=CAT  \\$aBATCH-CLA$b00$c20200821$lBLL01$h0111
=CAT  \\$aBATCH-CLA$b00$c20200821$lBLL01$h0112
=CAT  \\$aIPL-CLA$c20200930$lBLL01$h1646
=CAT  \\$aBATCH-UPD$b00$c20210226$lBLL01$h1124
=CAT  \\$aBATCH-CLA$b00$c20210227$lBLL01$h0457
=CAT  \\$aBATCH-CLA$b00$c20210227$lBLL01$h0527
=CAT  \\$aIPL-CLA$c20210331$lBLL01$h1858
=CAT  \\$aBATCH-UPD$b00$c20210707$lBLL01$h1648
=CAT  \\$aIPL-CLA$c20210707$lBLL01$h2002
=CAT  \\$aBATCH-CLA$b00$c20210708$lBLL01$h0429
=CAT  \\$aBATCH-UPD$b00$c20220520$lBLL01$h1733
=CAT  \\$aBATCH-CLA$b00$c20220521$lBLL01$h0433
=CAT  \\$aBATCH-CLA$b00$c20220521$lBLL01$h0502
=CAT  \\$aIPL-CLA$c20220630$lBLL01$h1722
=CAT  \\$aBATCH-UPD$b00$c20220824$lBLL01$h0950
=CAT  \\$aBATCH-CLA$b00$c20220825$lBLL01$h0447
=CAT  \\$aBATCH-CLA$b00$c20220825$lBLL01$h0509
=CAT  \\$aIPL-CLA$c20220930$lBLL01$h1609
=CFI  0\$aCurrent copyright fee: GBP29.17$c7\0$e01-oct-2022$fGBP29.17$g0$hP$5Uk
=CFI  2\$aPrevious copyright fee: GBP28.00$c7\0$e01-jul-2022$fGBP28.00$g0$hP$5Uk
=CNF  \\$aInternational solar wind conference$n(12th :$d2009 Jun :$cSaint-Malo, France)
=FFP  \\$aY$bBLDSS-3PM
=FIN  \\$aY$d20110818
=FMT  \\$a  BK
=LAS  \\$aIPL-CLA$b00$c20220930$lBLL01$h1609
=SRC  \\$aBLL02
=TCO  \\$aTRS$bCCC$c008
=UNO  \\$aY

