=LDR  03188cam a2200757 a 4500
=001  015979858
=003  Uk
=005  20120621212500.0
=008  111102s2012\\\\ne\\\\\\\b\\\\001\0\ger\\
=010  \\$a2011045437  
=015  \\$aGBB1D8047$2bnb
=016  7\$a015979858$2Uk
=020  \\$a9789004223370 (hbk.) :$cNo price
=020  \\$a9004223371 (hbk.) :$cNo price
=020  \\$z9789004225237 (ebk.)
=040  \\$aStDuBDS$beng$cStDuBDS$dUk
=042  \\$aukblsr
=050  00$aBS1199.L67$bW34 2012
=050  \4$aBS410$b.V452 vol.151
=082  00$a221.447$223
=100  1\$aWagner, Thomas,$d1971-
=245  10$aGottes Herrlichkeit :$bBedeutung und Verwendung des Begriffs kābôd im Alten Testament /$cby Thomas Wagner.
=260  \\$aLeiden ;$aBoston :$bBrill,$c2012.
=300  \\$axvi, 493 p. ;$c25 cm.
=336  \\$atext$2rdacontent
=337  \\$aunmediated$2rdamedia
=338  \\$avolume$2rdacarrier
=490  1\$aSupplements to Vetus Testamentum ;$vv. 151
=500  \\$aFormerly CIP.$5Uk
=504  \\$aIncludes bibliographical references (p. [455]-471) and indexes.
=505  0\$aEinleitung -- Der kābôd JHWHs in der Priesterschrift -- Der kābôd JHWHs im Buch Jesaja -- Der kābôd JHWHs im Buch Ezechiel -- Der kābôd JHWHs in den Psalmen -- Der kābôd JHWHs in weiteren Kontexten -- Auswertung und Abschluss.
=540  \\$aCurrent copyright fee: GBP22.00$c74\0$5Uk
=630  00$aBible.$pOld Testament$xCriticism, interpretation, etc.
=650  \0$aGlory of God$xBiblical teaching.
=650  \0$aGod$xWorship and love$xBiblical teaching.
=830  \0$aSupplements to Vetus Testamentum ;$vv. 151.
=852  41$aBritish Library$bOC$j15018.gg.2/...
=852  41$aBritish Library$bDSC$j9231.475000
=852  41$aBritish Library$bHMNTS$jP.P.1014.b.(2.) [vol. ..]
=852  41$aBritish Library$bHMNTS
=852  41$aBritish Library$bOC
=852  41$aBritish Library$bOC$j15018.gg.2/151
=856  \\$uhttp://bvbr.bib-bvb.de:8991/F?func=service&doc_library=BVB01&doc_number=024547237&line_number=0001&func_code=DB_RECORDS&service_type=MEDIA$zInhaltsverzeichnis
=856  \\$31850-9999$uhttp://www.brill.com/$xBLDSS
=985  \\$aRecord amended for WR# 13/070
=BUF  \\$aN$d20120228
=CAT  \\$aBATCH-CIPN$b00$c20111129$lBLL01$h1701
=CAT  \\$a9504$b40$c20120228$lBLL01$h1111
=CAT  \\$aBATCH-BUOC$b00$c20120621$lBLL01$h2124
=CAT  \\$aBATCH-CLA$b00$c20120928$lBLL01$h1838
=CAT  \\$aBATCH-CLA$b00$c20120930$lBLL01$h1049
=CAT  \\$aBATCH-CLA$b00$c20130324$lBLL01$h2225
=CAT  \\$aWR13_070$b00$c20130504$lBLL01$h0336
=CAT  \\$aBATCH-CLA$b00$c20130508$lBLL01$h0736
=CAT  \\$aBLDSS-3PM$b00$c20150131$lBLL01$h2314
=CAT  \\$aBATCH-UPD$b00$c20160517$lBLL01$h1137
=CAT  \\$aBATCH-UPD$b00$c20160524$lBLL01$h2301
=CAT  \\$aWR16_021$c20160703$lBLL01$h1802
=CAT  \\$aBATCH-CLA$b00$c20160704$lBLL01$h0109
=CFI  0\$aCurrent copyright fee: GBP22.00$c74\0$e05-nov-2012$fGBP22.00$g0$hP$5Uk
=FFP  \\$aY$bBLDSS-3PM
=FIN  \\$aY$d20120228
=FMT  \\$a  BK
=LAS  \\$aBATCH-CLA$b00$c20160704$lBLL01$h0109
=TCO  \\$aNLD$bSTICHTING REPRORECHT$c008
=UNO  \\$aY

