=LDR  04341cam a22009857a 4500
=001  016029268
=003  Uk
=005  20220930160956.0
=008  111008s2011\\\\nyua\\\\\b\\\\101\0\eng\d
=010  \\$a2011909954
=020  \\$a9780735409415 (pbk.)
=020  \\$a0735409412 (pbk.)
=035  \\$a(OCoLC)756594722$z(OCoLC)761910498
=040  \\$aBTCTA$beng$cBTCTA$dCUI$dRAO$dYDXCP$dBWX$dUk
=042  \\$aukblderived
=050  \4$aQB462.65$b.T483 2010
=082  04$a523.01$223$qUK-WkNB
=111  2\$aTexas Symposium on Relativistic Astrophysics$n(25th :$d2010 :$cHeidelberg, Germany)
=245  10$a25th Texas Symposium on Relativistic Astrophysics :$bTexas 2010 : Heidelberg, Germany, 6-10 December 2010 /$ceditors, Felix A. Aharonian, Werner Hofmann, Frank M. Rieger.
=246  3\$aTwenty-fifth Texas Symposium on Relativistic Astrophysics
=246  30$aTexas 2010
=260  \\$aMelville, N.Y. :$bAmerican Institute of Physics,$c2011.
=300  \\$avi, 255 p. :$bill. ;$c24 cm.
=336  \\$atext$2rdacontent
=337  \\$aunmediated$2rdamedia
=338  \\$avolume$2rdacarrier
=490  1\$aAIP conference proceedings,$x0094-243X ;$v1381
=504  \\$aIncludes bibliographical references and index.
=540  \\$aCurrent copyright fee: GBP29.17$c7\0$5Uk
=591  \\$aPapers.
=650  \0$aRelativistic astrophysics$vCongresses.
=653  1\$aAstrophysics
=700  1\$aAharonian, Felix A.
=700  1\$aHofmann, W.$q(Werner),$d1952-
=700  1\$aRieger, Frank M.
=830  \0$aAIP conference proceedings ;$vno. 1381.
=852  41$aBritish Library$bSTI
=852  41$aBritish Library$bDSC$j0773.430000
=856  \\$31850-9999$uhttp://www.aip.org$xBLDSS
=856  42$uhttp://scitation.aip.org/dbt/dbt.jsp?KEY=APCPCS&Volume=1381&Issue=1&type=ALERT$zTable of contents,
=945  \\$aAIP conference proceedings, ISSN 0094-243X ; [vol] 1381 2011
=985  \\$aCorrected by MS generated file for WR# 13.051
=ACF  \\$aPrevious copyright fee: GBP18.75$c7\0$e01-jan-2013$fGBP18.75$g0$hP$5Uk
=ACF  \\$aPrevious copyright fee: GBP19.35$c7\0$e01-jul-2013$fGBP19.35$g0$hP$5Uk
=ACF  \\$aPrevious copyright fee: GBP19.35$c7\0$e08-feb-2016$fGBP19.35$g0$hP$5Uk
=ACF  \\$aPrevious copyright fee: GBP20.69$c7\0$e01-apr-2016$fGBP20.69$g0$hP$5Uk
=ACF  \\$aPrevious copyright fee: GBP22.22$c7\0$e01-oct-2016$fGBP22.22$g0$hP$5Uk
=ACF  \\$aPrevious copyright fee: GBP24.00$c7\0$e01-apr-2017$fGBP24.00$g0$hP$5Uk
=ACF  \\$aPrevious copyright fee: GBP28.00$c7\0$e01-oct-2020$fGBP28.00$g0$hP$5Uk
=CAT  \\$a7164$b40$c20120213$lBLL01$h1440
=CAT  \\$aBATCH-CLA$b00$c20200220$lBLL01$h0512
=CAT  \\$aIPL-CLA$c20200331$lBLL01$h1628
=CAT  \\$aBATCH-UPD$b00$c20200522$lBLL01$h1543
=CAT  \\$aBATCH-CLA$b00$c20200523$lBLL01$h0507
=CAT  \\$aBATCH-CLA$b00$c20200523$lBLL01$h0537
=CAT  \\$aIPL-CLA$c20200701$lBLL01$h0112
=CAT  \\$aBATCH-UPD$b00$c20200820$lBLL01$h1758
=CAT  \\$aBATCH-CLA$b00$c20200821$lBLL01$h0111
=CAT  \\$aBATCH-CLA$b00$c20200821$lBLL01$h0112
=CAT  \\$aIPL-CLA$c20200930$lBLL01$h1646
=CAT  \\$aBATCH-UPD$b00$c20210226$lBLL01$h1125
=CAT  \\$aBATCH-CLA$b00$c20210227$lBLL01$h0457
=CAT  \\$aBATCH-CLA$b00$c20210227$lBLL01$h0527
=CAT  \\$aIPL-CLA$c20210331$lBLL01$h1859
=CAT  \\$aBATCH-UPD$b00$c20210707$lBLL01$h1648
=CAT  \\$aIPL-CLA$c20210707$lBLL01$h2002
=CAT  \\$aBATCH-CLA$b00$c20210708$lBLL01$h0429
=CAT  \\$aBATCH-UPD$b00$c20220520$lBLL01$h1733
=CAT  \\$aBATCH-CLA$b00$c20220521$lBLL01$h0433
=CAT  \\$aBATCH-CLA$b00$c20220521$lBLL01$h0502
=CAT  \\$aIPL-CLA$c20220630$lBLL01$h1723
=CAT  \\$aBATCH-UPD$b00$c20220824$lBLL01$h0950
=CAT  \\$aBATCH-CLA$b00$c20220825$lBLL01$h0447
=CAT  \\$aBATCH-CLA$b00$c20220825$lBLL01$h0509
=CAT  \\$aIPL-CLA$c20220930$lBLL01$h1609
=CFI  0\$aCurrent copyright fee: GBP29.17$c7\0$e01-oct-2022$fGBP29.17$g0$hP$5Uk
=CFI  2\$aPrevious copyright fee: GBP28.00$c7\0$e01-jul-2022$fGBP28.00$g0$hP$5Uk
=CNF  \\$aTexas symposium on relativistic astrophysics$n(25th :$d2010 Dec :$cHeidelberg, Germany)
=FFP  \\$aY$bBLDSS-3PM
=FIN  \\$aY$d20120213
=FMT  \\$a  BK
=LAS  \\$aIPL-CLA$b00$c20220930$lBLL01$h1609
=SID  \\$aZ39$bOCLC
=TCO  \\$aTRS$bCCC$c008
=UNO  \\$aY

