=LDR  04153cam a22009617a 4500
=001  016036266
=003  Uk
=005  20220930160958.0
=008  111122s2011\\\\nyua\\\f\\\\\\101\0\eng\d
=010  \\$a2011909873
=020  \\$a9780735409392
=020  \\$a0735409390
=035  \\$a(OCoLC)761910491
=040  \\$aRAO$cRAO$dCUI$dYDXCP$dBWX$dUk
=050  \4$aQB843.N4$bA78 2010
=082  04$a523.8874$223$qUK-WkNB
=111  2\$aAstrophysics of Neutron Stars 2010$d(2010 :$cÇeşme, Turkey)
=245  10$aAstrophysics of Neutron Stars 2010 :$ba conference in honor of M. Ali Alpar, Çeşme, Izmir, Turkey, 2-6 August 2010 /$ceditors, Ersin Göğüş, Tomaso Belloni, Ünal Ertan.
=260  \\$aMelville, N.Y. :$bAmerican Institute of Physics,$c2011.
=300  \\$aix, 231 p. :$bill. ;$c25 cm.
=336  \\$atext$2rdacontent
=337  \\$aunmediated$2rdamedia
=338  \\$avolume$2rdacarrier
=490  1\$aAIP conference proceedings,$x0094-243X ;$v1379
=504  \\$aIncludes bibliographical references and index.
=540  \\$aCurrent copyright fee: GBP29.17$c7\0$5Uk
=591  \\$aPapers.
=650  \0$aNeutron stars$vCongresses.
=650  \0$aAstrophysics$vCongresses.
=700  1\$aAlpar, M. A.
=700  1\$aGöğüş, Ersin.
=700  1\$aBelloni, T.$q(Tomaso).
=700  1\$aErtan, Ünal.
=830  \0$aAIP conference proceedings ;$vno. 1379.
=852  41$aBritish Library$bSTI
=852  41$aBritish Library$bDSC$j0773.430000
=856  \\$31850-9999$uhttp://www.aip.org$xBLDSS
=856  41$uhttp://scitation.aip.org/dbt/dbt.jsp?KEY=APCPCS&Volume=1379&Issue=1$zTable of contents,
=945  \\$aAIP conference proceedings, ISSN 0094-243X ; vol 1379 2011
=985  \\$aCorrected by MS generated file for WR# 13.051
=ACF  \\$aPrevious copyright fee: GBP18.75$c7\0$e01-jan-2013$fGBP18.75$g0$hP$5Uk
=ACF  \\$aPrevious copyright fee: GBP19.35$c7\0$e01-jul-2013$fGBP19.35$g0$hP$5Uk
=ACF  \\$aPrevious copyright fee: GBP19.35$c7\0$e08-feb-2016$fGBP19.35$g0$hP$5Uk
=ACF  \\$aPrevious copyright fee: GBP20.69$c7\0$e01-apr-2016$fGBP20.69$g0$hP$5Uk
=ACF  \\$aPrevious copyright fee: GBP22.22$c7\0$e01-oct-2016$fGBP22.22$g0$hP$5Uk
=ACF  \\$aPrevious copyright fee: GBP24.00$c7\0$e01-apr-2017$fGBP24.00$g0$hP$5Uk
=ACF  \\$aPrevious copyright fee: GBP28.00$c7\0$e01-oct-2020$fGBP28.00$g0$hP$5Uk
=CAT  \\$a9504$b40$c20120222$lBLL01$h0949
=CAT  \\$aBATCH-CLA$b00$c20200220$lBLL01$h0512
=CAT  \\$aIPL-CLA$c20200331$lBLL01$h1628
=CAT  \\$aBATCH-UPD$b00$c20200522$lBLL01$h1543
=CAT  \\$aBATCH-CLA$b00$c20200523$lBLL01$h0507
=CAT  \\$aBATCH-CLA$b00$c20200523$lBLL01$h0537
=CAT  \\$aIPL-CLA$c20200701$lBLL01$h0112
=CAT  \\$aBATCH-UPD$b00$c20200820$lBLL01$h1758
=CAT  \\$aBATCH-CLA$b00$c20200821$lBLL01$h0111
=CAT  \\$aBATCH-CLA$b00$c20200821$lBLL01$h0112
=CAT  \\$aIPL-CLA$c20200930$lBLL01$h1646
=CAT  \\$aBATCH-UPD$b00$c20210226$lBLL01$h1125
=CAT  \\$aBATCH-CLA$b00$c20210227$lBLL01$h0457
=CAT  \\$aBATCH-CLA$b00$c20210227$lBLL01$h0527
=CAT  \\$aIPL-CLA$c20210331$lBLL01$h1859
=CAT  \\$aBATCH-UPD$b00$c20210707$lBLL01$h1648
=CAT  \\$aIPL-CLA$c20210707$lBLL01$h2002
=CAT  \\$aBATCH-CLA$b00$c20210708$lBLL01$h0429
=CAT  \\$aBATCH-UPD$b00$c20220520$lBLL01$h1733
=CAT  \\$aBATCH-CLA$b00$c20220521$lBLL01$h0433
=CAT  \\$aBATCH-CLA$b00$c20220521$lBLL01$h0502
=CAT  \\$aIPL-CLA$c20220630$lBLL01$h1723
=CAT  \\$aBATCH-UPD$b00$c20220824$lBLL01$h0950
=CAT  \\$aBATCH-CLA$b00$c20220825$lBLL01$h0447
=CAT  \\$aBATCH-CLA$b00$c20220825$lBLL01$h0509
=CAT  \\$aIPL-CLA$c20220930$lBLL01$h1609
=CFI  0\$aCurrent copyright fee: GBP29.17$c7\0$e01-oct-2022$fGBP29.17$g0$hP$5Uk
=CFI  2\$aPrevious copyright fee: GBP28.00$c7\0$e01-jul-2022$fGBP28.00$g0$hP$5Uk
=CNF  \\$aAstrophysics of Neutron Stars (Conference)$d(2010 Aug :$cÇesme, Turkey)
=FFP  \\$aY$bBLDSS-3PM
=FIN  \\$aY$d20120223
=FMT  \\$a  BK
=LAS  \\$aIPL-CLA$b00$c20220930$lBLL01$h1609
=SID  \\$aZ39$bOCLC
=TCO  \\$aTRS$bCCC$c008
=UNO  \\$aY

