=LDR  04304cam a22009497a 4500
=001  012968744
=003  Uk
=005  20230924062515.0
=008  040401s2004\\\\nyua\\\\\b\\\\101\0\eng\\
=010  \\$a2004102021
=020  \\$a0735401764
=040  \\$aSTI$beng$cSTI$dIBS$dIXA$dOCLCQ$dUk
=245  00$aPlasmas in the laboratory and in the universe :$bnew insights and new challenges, Como, Italy, 16-19 September 2003 /$ceditors : Giuseppe Bertin, Daniela Farina, Roberto Pozzoli.
=260  \\$aMelville, N.Y. :$bAmerican Institute of Physics,$c2004.
=300  \\$axiii, 465 p. :$bill. ;$c24 cm.
=336  \\$atext$2rdacontent
=337  \\$aunmediated$2rdamedia
=338  \\$avolume$2rdacarrier
=490  1\$aAIP conference proceedings,$x0094-243X ;$vv. 703
=504  \\$aIncludes bibliographical references and index.
=505  2\$aBasic plasma processes -- Space plasmas, planetary plasmas, and the heliosphere -- Solar and stellar plasmas -- Plasmas around compact objects -- Plasmas in galaxies -- Plasmas in clusters of galaxies -- Cosmological plasmas -- Testing plasma astrophysics in the laboratory.
=540  \\$aCurrent copyright fee: GBP29.17$c7\0$5Uk
=591  \\$aPapers.
=650  \0$aPlasma astrophysics$vCongresses.
=650  \0$aSpace plasmas$vCongresses.
=653  1\$aPlasmas
=653  1\$aUniverse
=700  1\$aBertin, G.$q(Giuseppe).
=700  1\$aFarina, Daniela.
=700  1\$aPozzoli, Roberto,$d1941-
=830  \0$aAIP conference proceedings ;$vno. 703.
=852  41$aBritish Library$bSTI
=852  41$aBritish Library$bDSC$j0773.430000
=856  \\$31850-9999$uhttp://www.aip.org$xBLDSS
=856  41$uhttp://proceedings.aip.org/proceedings/confproceed/703.jsp
=945  \\$aAIP conference proceedings, ISSN 0094-243X ; v. 703 2004
=994  \\$aZ0$bBLX
=ACF  \\$aPrevious copyright fee: GBP18.18$c7\0$e01-jul-2012$fGBP18.18$g0$hP$5Uk
=ACF  \\$aPrevious copyright fee: GBP18.75$c7\0$e01-jan-2013$fGBP18.75$g0$hP$5Uk
=ACF  \\$aPrevious copyright fee: GBP19.35$c7\0$e01-jul-2013$fGBP19.35$g0$hP$5Uk
=ACF  \\$aPrevious copyright fee: GBP19.35$c7\0$e08-feb-2016$fGBP19.35$g0$hP$5Uk
=ACF  \\$aPrevious copyright fee: GBP20.69$c7\0$e01-apr-2016$fGBP20.69$g0$hP$5Uk
=ACF  \\$aPrevious copyright fee: GBP22.22$c7\0$e01-oct-2016$fGBP22.22$g0$hP$5Uk
=ACF  \\$aPrevious copyright fee: GBP24.00$c7\0$e01-apr-2017$fGBP24.00$g0$hP$5Uk
=ACF  \\$aPrevious copyright fee: GBP28.00$c7\0$e01-oct-2020$fGBP28.00$g0$hP$5Uk
=CAT  \\$a8962$b40$c20040811$lBLL01$h1400
=CAT  \\$aBATCH-CLA$b00$c20200220$lBLL01$h0511
=CAT  \\$aIPL-CLA$c20200331$lBLL01$h1613
=CAT  \\$aBATCH-UPD$b00$c20200522$lBLL01$h1541
=CAT  \\$aBATCH-CLA$b00$c20200523$lBLL01$h0507
=CAT  \\$aBATCH-CLA$b00$c20200523$lBLL01$h0533
=CAT  \\$aIPL-CLA$c20200701$lBLL01$h0054
=CAT  \\$aBATCH-UPD$b00$c20200820$lBLL01$h1757
=CAT  \\$aBATCH-CLA$b00$c20200821$lBLL01$h0110
=CAT  \\$aBATCH-CLA$b00$c20200821$lBLL01$h0112
=CAT  \\$aIPL-CLA$c20200930$lBLL01$h1643
=CAT  \\$aBATCH-UPD$b00$c20210226$lBLL01$h1123
=CAT  \\$aBATCH-CLA$b00$c20210227$lBLL01$h0457
=CAT  \\$aBATCH-CLA$b00$c20210227$lBLL01$h0523
=CAT  \\$aIPL-CLA$c20210331$lBLL01$h1841
=CAT  \\$aBATCH-UPD$b00$c20210707$lBLL01$h1647
=CAT  \\$aIPL-CLA$c20210707$lBLL01$h1955
=CAT  \\$aBATCH-CLA$b00$c20210708$lBLL01$h0428
=CAT  \\$aBATCH-UPD$b00$c20220520$lBLL01$h1732
=CAT  \\$aBATCH-CLA$b00$c20220521$lBLL01$h0433
=CAT  \\$aBATCH-CLA$b00$c20220521$lBLL01$h0458
=CAT  \\$aIPL-CLA$c20220630$lBLL01$h1707
=CAT  \\$aBATCH-UPD$b00$c20220824$lBLL01$h0949
=CAT  \\$aBATCH-CLA$b00$c20220825$lBLL01$h0446
=CAT  \\$aBATCH-CLA$b00$c20220825$lBLL01$h0508
=CAT  \\$aIPL-CLA$c20220930$lBLL01$h1554
=CAT  \\$aW2308-1659$c20230923$lBLL01$h0907
=CAT  \\$aBATCH-CLA$b00$c20230924$lBLL01$h0625
=CFI  0\$aCurrent copyright fee: GBP29.17$c7\0$e01-oct-2022$fGBP29.17$g0$hP$5Uk
=CNF  \\$aPlasmas in the Laboratory and in the Universe (Conference :$d2003 Sep :$cComo, Italy)
=FFP  \\$aY$bBLDSS-3PM
=FIN  \\$aY
=FMT  \\$a  BK
=LAS  \\$aBATCH-CLA$b00$c20230924$lBLL01$h0625
=SID  \\$aZ39$bOCLC
=TCO  \\$aTRS$bCCC$c008
=UNO  \\$aY

