=LDR  03116cas a22008297a 4500
=001  013188674
=003  Uk
=005  20221231144616.0
=008  050322d20052016nyuqr1p\\\\\\\0\\\a0eng\\
=010  \\$a2005213596
=012  \\$l1
=022  0\$a1555-2284
=040  \\$aNSD$cNSD
=042  \\$ansdp$alcd
=050  10$aISSN RECORD
=082  10$a600$213
=222  \0$aScientific American mind
=245  00$aScientific American mind.
=260  \\$aNew York, NY :$bScientific American, Inc.,$cc2005-.
=300  \\$av.
=310  \\$aQuarterly
=336  \\$atext$2rdacontent
=337  \\$aunmediated$2rdamedia
=338  \\$avolume$2rdacarrier
=362  0\$aPremier issue-
=500  \\$aDescription based on surrogate; title from cover.
=540  \\$aCurrent copyright fee: GBP34.95$c16\0$5Uk
=598  \\$aON ORDER 05/18 VOLUME 1 (2004)-
=852  41$aBritish Library$bDSC$j8175.150000$3Vol. 16, No. 3 (2005)-v. 27, no. 6 (2016)
=852  71$aBritish Library$bSTI
=856  \\$31850-9999$uhttp://www.nature.com/$xBLDSS
=856  42$uhttp://www.sciammind.com/
=945  \\$aScientific American mind
=948  \\$hNO HOLDINGS IN BLX - 2 OTHER HOLDINGS
=959  \\$fHeld but not currently received
=994  \\$aZ0$bBLX
=ACF  \\$aBritish Library not licensed to copy$c0$e01-jan-2013$hC$iCFP Excluded$5Uk
=ACF  \\$aPrevious Copyright Fee: GBP4.52$c0$e01-jul-2013$fGBP4.52$g0$hC$5Uk
=ACF  \\$aPrevious Copyright Fee: GBP2.19$c0$e01-jan-2014$fGBP2.19$g0$hC$5Uk
=ACF  \\$aPrevious Copyright Fee: GBP2.10$c0$e01-oct-2013$fGBP2.10$g0$hC$5Uk
=ACF  \\$aPrevious Copyright Fee: GBP22.00$c16\0$e22-jan-2014$fGBP22.00$g0$hP$5Uk
=CAT  \\$a5466$b40$c20050503$lBLL01$h1009
=CAT  \\$aBATCH-CLA$b00$c20121130$lBLL01$h1242
=CAT  \\$aIPL-CLA$c20121231$lBLL01$h1315
=CAT  \\$aIPL-CLA$c20130102$lBLL01$h1738
=CAT  \\$aBATCH-CLA$b00$c20130531$lBLL01$h1640
=CAT  \\$aIPL-CLA$c20130701$lBLL01$h0053
=CAT  \\$aBATCH-CLA$b00$c20130830$lBLL01$h1623
=CAT  \\$aIPL-CLA$c20130930$lBLL01$h1743
=CAT  \\$aBATCH-CLA$b00$c20131129$lBLL01$h1647
=CAT  \\$aIPL-CLA$c20131231$lBLL01$h2349
=CAT  \\$a5552$b40$c20140122$lBLL01$h1326
=CAT  \\$aBLDSS-3PM$b00$c20150111$lBLL01$h1521
=CAT  \\$a5410$b40$c20150619$lBLL01$h1442
=CAT  \\$aBATCH-UPD$b40$c20160524$lBLL01$h2156
=CAT  \\$aBATCH-UPD$b40$c20160524$lBLL01$h2249
=CAT  \\$a8335$b40$c20170718$lBLL01$h1112
=CAT  \\$aBATCH-UPD$b40$c20171121$lBLL01$h1636
=CAT  \\$aIPL-CLA$c20171231$lBLL01$h1642
=CAT  \\$a7764$b40$c20220719$lBLL01$h1247
=CAT  \\$aBATCH-UPD$b40$c20221121$lBLL01$h1331
=CAT  \\$aIPL-CLA$c20221231$lBLL01$h1446
=CAT  \\$aW2308-1659$c20230923$lBLL01$h0919
=CFI  0\$aCurrent copyright fee: GBP34.95$c16\0$e01-jan-2023$fGBP34.95$g0$hP$5Uk
=CFI  2\$aPrevious copyright fee: GBP24.00$c16\0$e01-jan-2018$fGBP24.00$g0$hP$5Uk
=FFP  \\$aY$bBLDSS-3PM
=FMT  \\$a  SE
=LAS  \\$aW2308-1659$b00$c20230923$lBLL01$h0919
=SID  \\$aZ39$bOCLC
=TCO  \\$aTRS$bCCC$c008
=TOC  \\$aETOC
=UNO  \\$aY

