=LDR  07124 as a2201477 i 4500
=001  009200345
=003  Uk
=005  20150610150401.0
=007  ta
=008  760413c19769999mduqx\p\\\o\\\0\\\a0eng\\
=010  \\$a76641660
=019  c\$a2077881
=022  0\$a0361-6274
=032  \\$a128930$bUSPS
=035  \\$a(OCoLC)ocm02247030
=040  \\$aDLC$cDLC$dNSDP$dDLC$dNSDP$dNST$dOCoLC$dOCoLC$dNST$dAIP$dNSDP$dAIP$dNST$dAIP$dNST$dAIP$dNST$dInU$dNSDP$dOCoLC$dNSDP$dNST$dEbpS$dNST$dOCU-M$dMH$dDNLM$dOCoLC$dNSDP$dUk
=042  \\$alc$ansdp
=050  00$aRA393$b.H4
=060  00$aW1$bHE299M
=082  0\$a658.913621
=210  0\$aHealth care manage. rev.
=222  \0$aHealth care management review
=245  00$aHealth care management review.
=246  13$aHCM review
=260  \\$a[Frederick, Md., etc.,$bAspen Systems Corp.]
=300  \\$av.$bill.$c28 cm.
=310  \\$aFour no. a year
=336  \\$atext$2rdacontent
=337  \\$aunmediated$2rdamedia
=338  \\$avolume$2rdacarrier
=362  0\$av. 1- winter 1976-
=530  \\$aIssued also in microform by University Microfilms International.
=530  \\$aAlso issued online.
=540  \\$aCurrent copyright fee: GBP32.00$c20\0$5Uk
=650  \0$aHealth services administration$vPeriodicals.
=650  \2$aHealth Services$vPeriodicals.
=650  \2$aHospital Administration$vPeriodicals.
=650  \2$aOrganization and Administration$vPeriodicals.
=690  7\$aManagement and Business Studies$2blcoll
=710  2\$aAspen Systems Corporation.
=776  08$iAlso issued online as:$tHealth care management review$x1550-5030
=852  41$aBritish Library$bDSC$j4274.943000$3Vol. 1, no. 1 (1976)-v. 37, no. 4 (2012)***UKRR Retained Title
=852  41$aBritish Library$bHMNTS
=856  \\$31850-9999$uhttp://journals.lww.com$xBLDSS
=856  4\$uhttp://www.hcmrjournal.com
=945  \\$aHEALTH CARE MANAGEMENT REVIEW.
=959  \\$fHeld but not currently received
=985  \\$aRecord merged by DQ team
=ACF  \\$aPrevious copyright fee: GBP21.65$c20\0$e01-jul-2011$fGBP21.65$g0$hP$5Uk
=ACF  \\$aPrevious copyright fee: GBP19.35$c20\0$e21-jan-2011$fGBP19.35$g0$hP$5Uk
=ACF  \\$aCurrent Copyright Fee: GBP17.50$c0$e01-jan-2011$fGBP17.50$g0$hC$5Uk
=ACF  \\$aPrevious Copyright Fee: GBP17.50$c0$e01-oct-2010$fGBP17.50$g0$hC$5Uk
=ACF  \\$aPrevious Copyright Fee: GBP17.50$c0$e01-jul-2010$fGBP17.50$g0$hC$5Uk
=ACF  \\$aPrevious Copyright Fee: GBP17.50$c0$e01-apr-2010$fGBP17.50$g0$hC$5Uk
=ACF  \\$aPrevious Copyright Fee: GBP17.50$c0$e01-Jan-2010$fGBP17.50$g0$hC$5Uk
=ACF  \\$aPrevious Copyright Fee: GBP17.50$c0$e01-oct-2009$fGBP17.50$g0$hC$5Uk
=ACF  \\$aPrevious Copyright Fee: GBP25.00$c0$e01-jul-2009$fGBP25.00$g0$hC$5Uk
=ACF  \\$aPrevious Copyright Fee: GBP25.00$c0$e01-apr-2009$fGBP25.00$g0$hC$5Uk
=ACF  \\$aPrevious Copyright Fee: GBP21.88$c0$e01-jan-2009$fGBP21.88$g0$hC$5Uk
=ACF  \\$aPrevious Copyright Fee: GBP17.50$c0$e01-oct-2008$fGBP17.50$g0$hC$5Uk
=ACF  \\$aPrevious Copyright Fee: GBP17.50$c0$e01-jul-2008$fGBP17.50$g0$hC$5Uk
=ACF  \\$aPrevious Copyright Fee: GBP17.50$c0$e01-apr-2008$fGBP17.50$g0$hC$5Uk
=ACF  \\$aPrevious Copyright Fee: GBP15.00$c0$e01-jan-2008$fGBP15.00$g0$hC$5Uk
=ACF  \\$aPrevious Copyright Fee: GBP15.00$c0$e01-oct-2007$fGBP15.00$g0$hC$5Uk
=ACF  \\$aPrevious Copyright Fee: GBP15.00$c0$e01-jul-2007$fGBP15.00$g0$hC$5Uk
=ACF  \\$aPrevious Copyright Fee: GBP15.38$c0$e01-apr-2007$fGBP15.38$g0$hC$5Uk
=ACF  \\$aPrevious Copyright Fee: GBP16.22$c0$e01-jan-2007$fGBP16.22$g0$hC$5Uk
=ACF  \\$aPrevious Copyright Fee: GBP16.22$c0$e01-oct-2006$fGBP16.22$g0$hC$5Uk
=ACF  \\$aPrevious Copyright Fee: GBP17.14$c0$e01-jul-2006$fGBP17.14$g0$hC$5Uk
=ACF  \\$aPrevious Copyright Fee: GBP17.14$c0$e01-apr-2006$fGBP17.14$g0$hC$5Uk
=ACF  \\$aPrevious Copyright Fee: GBP16.67$c0$e01-jan-2006$fGBP16.67$g0$hC$5Uk
=ACF  \\$aPrevious Copyright Fee: GBP16.22$c0$e01-oct-2005$fGBP16.22$g0$hC$5Uk
=ACF  \\$aPrevious Copyright Fee: GBP16.22$c0$e01-jul-2005$fGBP16.22$g0$hC$5Uk
=ACF  \\$aPrevious Copyright Fee: GBP16.22$c0$e01-apr-2005$fGBP16.22$g0$hC$5Uk
=ACF  \\$aPrevious Copyright Fee: GBP13.89$c0$e01-jan-2005$fGBP13.89$g0$hC$5Uk
=ACF  \\$aPrevious Copyright Fee: GBP13.51$c0$e01-oct-2004$fGBP13.51$g0$hC$5Uk
=ACF  \\$aPrevious copyright fee: GBP13.51$c0$e01-apr-2004$fGBP13.51$g0$hC$5Uk
=ACF  \\$aCurrent copyright fee: GBP14.71$c0$e01-jan-2004$fGBP14.71$g0$hC$5Uk
=ACF  \\$aCurrent copyright fee: GBP15.63$c0$e01-apr-2003$fGBP15.63$g0$hC$5Uk
=ACF  \\$aPrevious copyright fee: GBP30.32$c20\0$e07-may-2012$fGBP30.32$g0$hP$5Uk
=ACF  \\$aPrevious copyright fee: GBP28.48$c20\0$e01-jul-2012$fGBP28.48$g0$hP$5Uk
=ACF  \\$aPrevious copyright fee: GBP29.38$c20\0$e01-jan-2013$fGBP29.38$g0$hP$5Uk
=ACF  \\$aPrevious copyright fee: GBP30.32$c20\0$e01-jul-2013$fGBP30.32$g0$hP$5Uk
=ACF  \\$aPrevious copyright fee: GBP29.38$c20\0$e01-jan-2014$fGBP29.38$g0$hP$5Uk
=ACF  \\$aPrevious copyright fee: GBP28.48$c20\0$e01-jul-2014$fGBP28.48$g0$hP$5Uk
=ACF  \\$aPrevious copyright fee: GBP30.32$c20\0$e01-apr-2015$fGBP30.32$g0$hP$5Uk
=ACF  \\$aPrevious copyright fee: GBP31.33$c20\0$e01-jul-2015$fGBP31.33$g0$hP$5Uk
=CAT  \\$aCONV$b00$c20040425$lBLL90$h0703
=CAT  \\$aIPL-CLA$c20121231$lBLL01$h1250
=CAT  \\$aIPL-CLA$c20130102$lBLL01$h1653
=CAT  \\$aWR13.005$c20130322$lBLL01$h1937
=CAT  \\$a5997$b40$c20130402$lBLL01$h1344
=CAT  \\$aBATCH-UPD$b40$c20130522$lBLL01$h1717
=CAT  \\$aIPL-CLA$c20130701$lBLL01$h0013
=CAT  \\$aBATCH-UPD$b00$c20131119$lBLL01$h2007
=CAT  \\$aIPL-CLA$c20131231$lBLL01$h1959
=CAT  \\$aBATCH-CLA$b00$c20140125$lBLL01$h1324
=CAT  \\$aBATCH-CLA$c20140225$lBLL01$h2315
=CAT  \\$aBATCH-UPD$b00$c20140527$lBLL01$h2034
=CAT  \\$aBATCH-CLA$c20140528$lBLL01$h1727
=CAT  \\$aIPL-CLA$c20140630$lBLL01$h1702
=CAT  \\$aBLDSS-3PM$b00$c20141116$lBLL01$h1730
=CAT  \\$aBATCH-UPD$b00$c20150219$lBLL01$h1727
=CAT  \\$aIPL-CLA$c20150331$lBLL01$h1620
=CAT  \\$aBATCH-UPD$b00$c20150520$lBLL01$h1737
=CAT  \\$a5110$b40$c20150610$lBLL01$h1504
=CAT  \\$aIPL-CLA$c20150630$lBLL01$h1635
=CAT  \\$aBATCH-UPD$b00$c20150820$lBLL01$h1823
=CAT  \\$aIPL-CLA$c20150930$lBLL01$h1747
=CAT  \\$aBATCH-UPD$b00$c20160217$lBLL01$h1711
=CAT  \\$aIPL-CLA$c20160331$lBLL01$h1705
=CAT  \\$aBATCH-UPD$b00$c20160524$lBLL01$h2154
=CAT  \\$aBATCH-UPD$b00$c20160524$lBLL01$h2232
=CFI  0\$aCurrent copyright fee: GBP32.00$c20\0$e01-apr-2016$fGBP32.00$g0$hP$5Uk
=CFI  2\$aPrevious copyright fee: GBP30.32$c20\0$e01-oct-2015$fGBP30.32$g0$hP$5Uk
=FFP  \\$aY$bBLDSS-3PM
=FIN  \\$aY
=FMT  \\$a  SE
=LAS  \\$aBATCH-UPD$b00$c20160524$lBLL01$h2232
=LEO  \\$aMP10.0000261233
=SID  \\$aZ39$bLOC
=SRC  \\$aDSS02$bbibh.200404.2.aa
=SRC  \\$aDSS01$bbibmp10.200404.2.aa
=TCO  \\$aTRS$bCCC$c008
=TOC  \\$aETOC
=UNO  \\$aY

