=LDR  04419cam a2200769 i 4500
=001  018563893
=003  Uk
=005  20171024135640.0
=008  170530s2017\\\\sz\a\\\\\b\\\|001\0\eng\c
=010  \\$a  2017025712
=015  \\$aGBB7J9521$2bnb
=016  7\$a101706562$2DNLM
=020  \\$a9783318060508$qhardback
=020  \\$a331806050X$qhardback
=020  \\$z9783318060515$qeISBN
=035  \\$a(OCoLC)988589761$z(OCoLC)989700177
=040  \\$aDNLM/DLC$beng$cDLC$dNLM$dOCLCQ$dOCLCO$dBTCTA$dYDX$dOHX$dFTU$dNLM$dOCLCF$dUk$erda
=042  \\$aukblsr
=050  00$aRC454.4$b.N48 2017
=060  10$aW1$bMO168P v.31 2017
=060  10$aWM 140
=082  04$a616.8907$223
=245  00$aNeuroprogression in psychiatric disorders /$cvolume editors, Angelos Halaris, Chicago, IL, Brian E. Leonard, Galway.
=264  \1$aBasel :$bKarger,$c[2017]
=300  \\$aviii, 182 pages :$billustrations (black and white, and colour) ;$c27 cm.
=336  \\$atext$2rdacontent
=337  \\$aunmediated$2rdamedia
=338  \\$avolume$2rdacarrier
=490  0\$aModern trends in pharmacopsychiatry,$x1662-2685 ;$vvol. 31
=504  \\$aIncludes bibliographical references and indexes.
=505  0\$aNeuroprogression in schizophrenia and psychotic disorders : the possible role of inflammation / Müller, N -- The link between refractoriness and neuroprogression in treatment-resistant bipolar disorder / Bauer, I.E., Soares, J.C., Selek, S., Meyer, T.D. -- Neuroprogression and immune activation in major depressive disorder / Meyer, J.H -- Inflammation effects on glutamate as a pathway to neuroprogression in mood disorders / Haroon, E., Miller, A.H -- Major depression as a neuroprogressive prelude to dementia : what is the evidence? / Leonard, B.E -- Innate immune memory : implications for microglial function and neuroprogression / Salam, A.P., Pariante, C.M., Zunszain, P -- Inflammatory and innate immune markers of neuroprogression in depressed and teenage suicide brain / Pandey, G.N -- Towards an integrated view of early molecular changes underlying vulnerability to social stress in psychosis / Barron, H., Hafizi, S., Mizrahi, R. -- Neurodegeneration, neuroregeneration, and neuroprotection in psychiatric disorders / Tang, S.W., Helmeste, D.M., Leonard, B.E -- The contribution of adult hippocampal neurogenesis to the progression of psychiatric disorders / Kohman, R.A., Rhodes, J.S -- The brain-gut axis contributes to neuroprogression in stress-related disorders / Rea, K., Dinan, T.G., Cryan J.F -- Pharmacological and nonpharmacological interventions to arrest neuroprogression / Boufidou, F., Halaris, A.
=530  \\$aAlso issued online.
=540  \\$aCurrent copyright fee: GBP28.21$c24\0$5Uk
=650  \0$aMental illness$xPathophysiology.
=650  12$aMental Disorders$xphysiopathology.$0https://id.nlm.nih.gov/mesh/D001523Q000503
=650  22$aDisease Progression.$0https://id.nlm.nih.gov/mesh/D018450
=650  \7$aMental illness.$2fast$0(OCoLC)fst01016547
=655  \7$aConference papers and proceedings.$2fast$0(OCoLC)fst01423772
=700  1\$aHalaris, Angelos,$eeditor.
=700  1\$aLeonard, B. E.,$eeditor.
=852  41$aBritish Library$bDSC$j5899.810000
=852  41$aBritish Library$bSTI
=852  11$aBritish Library$bSTI$k(B)$h616.8907
=856  \\$31850-9999$uhttp://www.karger.com/$xBLDSS
=856  4\$uhttps://www.karger.com/Book/Toc/275777
=CAT  \\$a11253$b40$c20171020$lBLL01$h1409
=CAT  \\$a11253$b40$c20171020$lBLL01$h1413
=CAT  \\$aBATCH-CLA$b00$c20171021$lBLL01$h0119
=CAT  \\$a6989$b40$c20171024$lBLL01$h1356
=CAT  \\$aBATCH-UPD$b40$c20171025$lBLL01$h0027
=CAT  \\$aBATCH-CLA$b00$c20171025$lBLL01$h0130
=CAT  \\$aBATCH-CLA$b00$c20171026$lBLL01$h0106
=CAT  \\$aBLDSS-3PM$b00$c20171103$lBLL01$h1128
=CAT  \\$aBATCH-UPD$b00$c20171103$lBLL01$h1128
=CAT  \\$aBATCH-CLA$b00$c20171104$lBLL01$h0108
=CAT  \\$aBATCH-UPD$b00$c20180223$lBLL01$h1755
=CAT  \\$aBATCH-CLA$b00$c20180224$lBLL01$h0322
=CAT  \\$aIPL-CLA$c20180331$lBLL01$h1722
=CAT  \\$aBATCH-UPD$b00$c20180823$lBLL01$h1940
=CAT  \\$aBATCH-CLA$b00$c20180824$lBLL01$h0152
=CFI  0\$aCurrent copyright fee: GBP28.21$c24\0$e01-apr-2018$fGBP28.21$g0$hP$5Uk
=FFP  \\$aY$bBLDSS-3PM
=FIN  \\$aY$d20171024
=FMT  \\$a  BK
=LAS  \\$aBATCH-CLA$b00$c20180824$lBLL01$h0152
=SID  \\$aZ39$bOCLC
=UNO  \\$aY

