=LDR  03596cam a22006737a 4500
=001  015872828
=003  Uk
=005  20211231173157.0
=008  110422s2011\\\\paua\\\\\b\\\\001\0\eng\d
=020  \\$a9781455711628
=020  \\$a1455711624
=035  \\$a(OCoLC)714730355
=040  \\$aBTCTA$beng$cBTCTA$dGZM$dORE$dIWA
=245  00$aOrgan failure in critical illness /$cguest editor Timothy B. Hackett.
=260  \\$aPhiladelphia, PA :$bW.B. Saunders Co.,$c2011.
=300  \\$ax, p. 704-846 :$bill. (some col.) ;$c24 cm.
=336  \\$atext$2rdacontent
=337  \\$aunmediated$2rdamedia
=338  \\$avolume$2rdacarrier
=490  1\$aVeterinary clinics of North America: small animal practice,$x0195-5616 ;$vvol. 41, no. 4
=504  \\$aIncludes bibliographical references and index.
=505  0\$aOrgan failure in critical illness / Timothy B. Hackett -- Introduction to multiple organ dysfunction and failure / Timothy B. Hackett -- Respiratory complications in critical illness of small animals / Vicky Lynne Campbell -- Cardiovascular dysfunction in sepsis and critical illness / Barret J. Bulmer -- The kidney in critically ill small animals / Katharine F. Lunn -- Hepatic dysfunction / Kelly W. McCord and Craig B. Webb -- Gastrointestinal complications of critical illness in small animals / Timothy B. Hackett -- Critical illness-related corticosteroid insufficiency in small animals / Linda G. Martin -- Defects in coagulation encountered in small animal critical care / Benjamin M. Brainard, Andrew J. Brown -- Alterations of drug metabolism in critically ill animals / Eileen S. Hackett, Daniel L. Gustafson -- Goal-directed therapy in small animal critical illness / Amy L. Butler.
=540  \\$aCurrent copyright fee: GBP34.30$c5\1$5Uk
=650  \0$aVeterinary critical care.
=650  \0$aMultiple organ failure.
=700  1\$aHackett, Tim B.
=830  \0$aVeterinary clinics of North America.$pSmall animal practice ;$vv. 41, no. 4.
=852  41$aBritish Library$bSTI
=852  41$aBritish Library$bDSC$j9227.020000
=856  \\$31850-9999$uhttp://www.elsevier.com/journals$xBLDSS
=856  41$uhttp://www.sciencedirect.com/science/publication?issn=01955616&volume=41&issue=4
=CAT  \\$a9504$b40$c20110822$lBLL01$h1210
=CAT  \\$aBATCH-CLA$b00$c20120928$lBLL01$h1838
=CAT  \\$aBATCH-CLA$b00$c20120930$lBLL01$h1049
=CAT  \\$aBATCH-UPD$b00$c20121121$lBLL01$h1700
=CAT  \\$aIPL-CLA$c20121231$lBLL01$h1333
=CAT  \\$aIPL-CLA$c20130102$lBLL01$h1811
=CAT  \\$aBATCH-CLA$b00$c20130508$lBLL01$h0736
=CAT  \\$aBATCH-CLA$b00$c20140225$lBLL01$h0040
=CAT  \\$aBATCH-CLA$c20140226$lBLL01$h2044
=CAT  \\$aBLDSS-3PM$b00$c20141222$lBLL01$h1720
=CAT  \\$aBATCH-UPD$b00$c20170203$lBLL01$h1624
=CAT  \\$aBATCH-UPD$b00$c20171121$lBLL01$h1753
=CAT  \\$aIPL-CLA$c20171231$lBLL01$h1809
=CAT  \\$aBATCH-UPD$b00$c20190521$lBLL01$h1444
=CAT  \\$aBATCH-CLA$b00$c20190522$lBLL01$h0225
=CAT  \\$aBATCH-CLA$b00$c20190522$lBLL01$h0242
=CAT  \\$aIPL-CLA$c20190630$lBLL01$h1545
=CAT  \\$aBATCH-UPD$b00$c20211119$lBLL01$h1601
=CAT  \\$aBATCH-CLA$b00$c20211120$lBLL01$h0159
=CAT  \\$aBATCH-CLA$b00$c20211120$lBLL01$h0215
=CAT  \\$aIPL-CLA$c20211231$lBLL01$h1731
=CFI  0\$aCurrent copyright fee: GBP34.30$c5\1$e01-jan-2022$fGBP34.30$g0$hP$5Uk
=CFI  2\$aPrevious copyright fee: GBP32.84$c5\1$e01-jul-2019$fGBP32.84$g0$hP$5Uk
=FFP  \\$aY$bBLDSS-3PM
=FMT  \\$a  BK
=LAS  \\$aIPL-CLA$b00$c20211231$lBLL01$h1731
=SID  \\$aZ39$bOCLC
=TCO  \\$aTRS$bCCC$c008

