=LDR  04254cam a22009617a 4500
=001  015817808
=003  Uk
=005  20220930160858.0
=008  101202s2010\\\\nyua\\\\\b\\\|1|1\0\eng\\
=010  \\$a  2010904380
=020  \\$a9780735407909
=020  \\$a0735407908
=040  \\$aDLC$cDLC$dDLC$dUk
=042  \\$aukblderived
=050  00$aTK9006$b.I47622 2009
=111  2\$aInternational Conference on Advances in Nuclear Science and Engineering$n(2nd :$d2009 :$cBandung, Indonesia)
=245  14$aThe 2nd International Conference on Advances in Nuclear Science and Engineering 2009 :$bICANSE 2009 ; Bandung, Indonesia, 3-4 November 2009 /$ceditors: Zaki Suʹud, Abdul Waris.
=246  3\$aICANSE 2009
=260  \\$aMelville, N.Y. :$bAmerican Institute of Physics,$c2010.
=300  \\$axvii, 352 p. :$bill. ;$c24 cm.
=336  \\$atext$2rdacontent
=337  \\$aunmediated$2rdamedia
=338  \\$avolume$2rdacarrier
=490  1\$aAIP conference proceedings,$x0094-243X ;$v1244
=500  \\$a"All papers have been peer reviewed."
=504  \\$aIncludes bibliographical references and index.
=540  \\$aCurrent copyright fee: GBP29.17$c7\0$5Uk
=591  \\$aSelected papers. Described as proceedings.
=650  \0$aNuclear engineering$vCongresses.
=653  1\$aNuclear science
=653  1\$aICANSE
=700  1\$aSu'ud, Zaki.
=700  1\$aWaris, Abdul.
=830  \0$aAIP conference proceedings ;$v1244.
=852  41$aBritish Library$bSTI
=852  41$aBritish Library$bDSC$j0773.430000
=856  \\$31850-9999$uhttp://www.aip.org$xBLDSS
=856  40$uhttp://scitation.aip.org/dbt/dbt.jsp?KEY=APCPCS&Volume=1244&Issue=1
=856  42$3Publisher description$uhttp://www.loc.gov/catdir/enhancements/fy1106/2010904380-d.html
=945  \\$aAIP conference proceedings, ISSN 0094-243X ; vol 1244 2010
=ACF  \\$aPrevious copyright fee: GBP18.75$c7\0$e01-jan-2013$fGBP18.75$g0$hP$5Uk
=ACF  \\$aPrevious copyright fee: GBP19.35$c7\0$e01-jul-2013$fGBP19.35$g0$hP$5Uk
=ACF  \\$aPrevious copyright fee: GBP19.35$c7\0$e08-feb-2016$fGBP19.35$g0$hP$5Uk
=ACF  \\$aPrevious copyright fee: GBP20.69$c7\0$e01-apr-2016$fGBP20.69$g0$hP$5Uk
=ACF  \\$aPrevious copyright fee: GBP22.22$c7\0$e01-oct-2016$fGBP22.22$g0$hP$5Uk
=ACF  \\$aPrevious copyright fee: GBP24.00$c7\0$e01-apr-2017$fGBP24.00$g0$hP$5Uk
=ACF  \\$aPrevious copyright fee: GBP28.00$c7\0$e01-oct-2020$fGBP28.00$g0$hP$5Uk
=CAT  \\$a7164$b40$c20110601$lBLL01$h0836
=CAT  \\$aBATCH-CLA$b00$c20200220$lBLL01$h0512
=CAT  \\$aIPL-CLA$c20200331$lBLL01$h1627
=CAT  \\$aBATCH-UPD$b00$c20200522$lBLL01$h1542
=CAT  \\$aBATCH-CLA$b00$c20200523$lBLL01$h0507
=CAT  \\$aBATCH-CLA$b00$c20200523$lBLL01$h0537
=CAT  \\$aIPL-CLA$c20200701$lBLL01$h0111
=CAT  \\$aBATCH-UPD$b00$c20200820$lBLL01$h1758
=CAT  \\$aBATCH-CLA$b00$c20200821$lBLL01$h0111
=CAT  \\$aBATCH-CLA$b00$c20200821$lBLL01$h0112
=CAT  \\$aIPL-CLA$c20200930$lBLL01$h1645
=CAT  \\$aBATCH-UPD$b00$c20210226$lBLL01$h1124
=CAT  \\$aBATCH-CLA$b00$c20210227$lBLL01$h0457
=CAT  \\$aBATCH-CLA$b00$c20210227$lBLL01$h0527
=CAT  \\$aIPL-CLA$c20210331$lBLL01$h1858
=CAT  \\$aBATCH-UPD$b00$c20210707$lBLL01$h1648
=CAT  \\$aIPL-CLA$c20210707$lBLL01$h2002
=CAT  \\$aBATCH-CLA$b00$c20210708$lBLL01$h0429
=CAT  \\$aBATCH-UPD$b00$c20220520$lBLL01$h1733
=CAT  \\$aBATCH-CLA$b00$c20220521$lBLL01$h0433
=CAT  \\$aBATCH-CLA$b00$c20220521$lBLL01$h0501
=CAT  \\$aIPL-CLA$c20220630$lBLL01$h1722
=CAT  \\$aBATCH-UPD$b00$c20220824$lBLL01$h0950
=CAT  \\$aBATCH-CLA$b00$c20220825$lBLL01$h0447
=CAT  \\$aBATCH-CLA$b00$c20220825$lBLL01$h0509
=CAT  \\$aIPL-CLA$c20220930$lBLL01$h1608
=CFI  0\$aCurrent copyright fee: GBP29.17$c7\0$e01-oct-2022$fGBP29.17$g0$hP$5Uk
=CFI  2\$aPrevious copyright fee: GBP28.00$c7\0$e01-jul-2022$fGBP28.00$g0$hP$5Uk
=CNF  \\$aAdvances in nuclear science and engineering (International conference)$n(2nd :$d2010 Nov :$cBandung, Indonesia)
=FFP  \\$aY$bBLDSS-3PM
=FIN  \\$aY$d20110603
=FMT  \\$a  BK
=LAS  \\$aIPL-CLA$b00$c20220930$lBLL01$h1608
=SRC  \\$aBLL02
=TCO  \\$aTRS$bCCC$c008
=UNO  \\$aY

