=LDR  04639cam a2201057 a 4500
=001  012881327
=003  Uk
=005  20221231205451.0
=008  031230s2004\\\\njua\\\\\b\\\\001\0\eng\\
=010  \\$a2003028091  
=015  \\$aGBA4W9680$2bnb
=016  7\$a012881327$2Uk
=020  \\$a1588292479 (v. 1 : alk. paper) :$c£101.00
=020  \\$a1588295052 (v. 2 : alk. paper) :$cNo price
=035  \\$a(DNLM)101201587
=040  \\$aStDuBDS$dUk
=042  \\$aukblsr
=050  00$aQP88.23$b.C36 2004
=060  10$aW1$bME9616JM v.100 etc.
=060  10$aWE 348$bC3268 2004
=082  00$a616.7223$222
=245  00$aCartilage and osteoarthritis.
=260  \\$aTotowa, N.J. :$bHumana Press ;$a[Oxford : Blackwell, distributor],$c2004.
=300  \\$a2 v. ;$bill. ;$c24 cm.
=336  \\$atext$2rdacontent
=337  \\$aunmediated$2rdamedia
=338  \\$avolume$2rdacarrier
=490  1\$aMethods in molecular medicine ;$v100-101
=500  \\$aFormerly CIP.$5Uk
=504  \\$aIncludes bibliographical references and index.
=505  0\$av. 1. Cellular and molecular tools / edited by Massimo Sabatini, Philippe Pastoureau, Frédéric De Ceuninck -- v. 2. Structure and in vivo analysis / edited by Massimo Sabatini, Philippe Pastoureau, Frédéric De Ceuninck.
=540  \\$aCurrent copyright fee: GBP34.95$c22\2$5Uk
=650  \0$aCartilage cells$vLaboratory manuals.
=650  \0$aOsteoarthritis$vLaboratory manuals.
=650  12$aChondrocytes$xpathology.
=650  12$aOsteoarthritis.
=650  22$aChondrocytes$xmetabolism.
=700  1\$aSabatini, Massimo.
=700  1\$aPastoureau, Philippe.
=700  1\$aDe Ceuninck, Frédéric.
=830  \0$aMethods in molecular medicine ;$v100-101.
=852  \\$aBritish Library$bHMNTS
=852  41$aBritish Library$bDSC$j5748.202250$iVolume 100(2004)
=852  41$aBritish Library$bDSC$j5748.202250
=856  \\$31850-9999$uhttp://www.springer.com/gb/$xBLDSS
=856  41$3Table of contents$uhttp://www.loc.gov/catdir/toc/ecip0412/2003028091.html
=ACF  \\$aPrevious copyright fee: GBP22.00$c42\0$e12-aug-2012$fGBP22.00$g0$hP$5Uk
=ACF  \\$aPrevious copyright fee: GBP18.72$c42\0$e01-jan-2013$fGBP18.72$g0$hP$5Uk
=ACF  \\$aPrevious copyright fee: GBP19.32$c42\0$e01-jul-2013$fGBP19.32$g0$hP$5Uk
=ACF  \\$aPrevious copyright fee: GBP18.72$c42\0$e01-jan-2014$fGBP18.72$g0$hP$5Uk
=ACF  \\$aPrevious copyright fee: GBP18.15$c42\0$e01-jul-2014$fGBP18.15$g0$hP$5Uk
=ACF  \\$aPrevious copyright fee: GBP19.32$c42\0$e01-apr-2015$fGBP19.32$g0$hP$5Uk
=ACF  \\$aPrevious copyright fee: GBP19.97$c42\0$e01-jul-2015$fGBP19.97$g0$hP$5Uk
=ACF  \\$aPrevious copyright fee: GBP19.32$c42\0$e01-oct-2015$fGBP19.32$g0$hP$5Uk
=ACF  \\$aPrevious copyright fee: GBP20.66$c42\0$e01-apr-2016$fGBP20.66$g0$hP$5Uk
=ACF  \\$aPrevious copyright fee: GBP22.19$c42\0$e01-oct-2016$fGBP22.19$g0$hP$5Uk
=ACF  \\$aPrevious copyright fee: GBP23.96$c42\0$e01-apr-2017$fGBP23.96$g0$hP$5Uk
=CAT  \\$aBATCH$b00$c20040530$lBLL01$h1453
=CAT  \\$aIPL-CLA$c20150630$lBLL01$h1644
=CAT  \\$aBATCH-UPD$b00$c20150820$lBLL01$h1938
=CAT  \\$aIPL-CLA$c20150930$lBLL01$h1802
=CAT  \\$aBATCH-UPD$b00$c20160217$lBLL01$h1834
=CAT  \\$aIPL-CLA$c20160331$lBLL01$h1723
=CAT  \\$aBATCH-UPD$b00$c20160524$lBLL01$h2237
=CAT  \\$aBATCH-UPD$b00$c20160525$lBLL01$h0432
=CAT  \\$aWR16_021$c20160610$lBLL01$h1942
=CAT  \\$aBATCH-UPD$b00$c20160824$lBLL01$h1854
=CAT  \\$aIPL-CLA$c20160930$lBLL01$h1600
=CAT  \\$aBATCH-UPD$b00$c20170216$lBLL01$h1939
=CAT  \\$aIPL-CLA$c20170331$lBLL01$h1842
=CAT  \\$aBATCH-UPD$b00$c20170904$lBLL01$h2002
=CAT  \\$aIPL-CLA$c20170929$lBLL01$h1726
=CAT  \\$aBATCH-UPD$b00$c20180223$lBLL01$h1859
=CAT  \\$aIPL-CLA$c20180331$lBLL01$h1617
=CAT  \\$aBATCH-UPD$b00$c20180524$lBLL01$h1754
=CAT  \\$aBATCH-CLA$b00$c20180601$lBLL01$h0120
=CAT  \\$aIPL-CLA$c20180630$lBLL01$h1915
=CAT  \\$aBATCH-CLA$b00$c20180822$lBLL01$h0128
=CAT  \\$aBATCH-CLA$b00$c20180823$lBLL01$h0107
=CAT  \\$aBATCH-UPD$b00$c20221121$lBLL01$h1414
=CAT  \\$aBATCH-CLA$b00$c20221122$lBLL01$h0207
=CAT  \\$aBATCH-CLA$b00$c20221122$lBLL01$h0236
=CAT  \\$aIPL-CLA$c20221231$lBLL01$h2054
=CFI  0\$aCurrent copyright fee: GBP34.95$c22\2$e01-jan-2023$fGBP34.95$g0$hP$5Uk
=CFI  2\$aPrevious copyright fee: GBP36.00$c22\2$e22-aug-2018$fGBP36.00$g0$hP$5Uk
=FFP  \\$aY$bBLDSS-3PM
=FIN  \\$aY
=FMT  \\$a  BK
=LAS  \\$aIPL-CLA$b00$c20221231$lBLL01$h2054
=TCO  \\$aTRS$bCCC$c008
=UNO  \\$aY

