=LDR  04071aam a2200961 a 4500
=001  013227443
=003  Uk
=005  20051119155845.0
=008  040402s2004\\\\ne\a\\\\\b\\\\000\0\eng\\
=010  \\$a2004049262  
=015  \\$aGBA597846$2bnb
=016  7\$a013227443$2Uk
=020  \\$a140202147X (hbk.) :$c£78.00
=020  \\$a1402021488 (ebook) :$cNo price
=040  \\$aDLC$cDLC$dDLC$dUk
=042  \\$aukblsr
=050  00$aQA76.9.H85$bD483 2004
=082  00$a005.1$222
=245  00$aDesigning personalized user experiences in eCommerce /$cedited by Clare-Marie Karat, Jan O. Blom, and John Karat.
=260  \\$aDordrecht ;$aLondon :$bKluwer Academic,$cc2004.
=300  \\$axii, 348 p. :$bill. ;$c25 cm.
=336  \\$atext$2rdacontent
=337  \\$aunmediated$2rdamedia
=338  \\$avolume$2rdacarrier
=490  1\$aHuman-computer interaction series ;$vv. 5
=504  \\$aIncludes bibliographical references.
=540  \\$aCurrent copyright fee: GBP19.00$c42\0$5Uk
=650  \0$aHuman-computer interaction.
=650  \0$aElectronic commerce.
=700  1\$aKarat, Clare-Marie.
=700  1\$aBlom, Jan O.
=700  1\$aKarat, John.
=830  \0$aKluwer international series on HCI ;$vv. 5.
=852  41$aBritish Library$bDSC$j4336.043600$i5
=852  41$aBritish Library$bHMNTS$jYK.2005.a.17034
=852  11$aBritish Library$bSTI
=856  \\$31850-9999$uhttp://www.springer.com/gb/$xBLDSS
=856  41$3Table of contents$uhttp://www.loc.gov/catdir/toc/fy046/2004049262.html
=ACF  \\$aPrevious copyright fee: GBP18.72$c42\0$e01-jan-2013$fGBP18.72$g0$hP$5Uk
=ACF  \\$aPrevious copyright fee: GBP19.32$c42\0$e01-jul-2013$fGBP19.32$g0$hP$5Uk
=ACF  \\$aPrevious copyright fee: GBP18.72$c42\0$e01-jan-2014$fGBP18.72$g0$hP$5Uk
=ACF  \\$aPrevious copyright fee: GBP18.15$c42\0$e01-jul-2014$fGBP18.15$g0$hP$5Uk
=ACF  \\$aPrevious copyright fee: GBP19.32$c42\0$e01-apr-2015$fGBP19.32$g0$hP$5Uk
=ACF  \\$aPrevious copyright fee: GBP19.97$c42\0$e01-jul-2015$fGBP19.97$g0$hP$5Uk
=ACF  \\$aPrevious copyright fee: GBP20.66$c42\0$e01-apr-2016$fGBP20.66$g0$hP$5Uk
=ACF  \\$aPrevious copyright fee: GBP22.19$c42\0$e01-oct-2016$fGBP22.19$g0$hP$5Uk
=ACF  \\$aPrevious copyright fee: GBP23.96$c42\0$e01-apr-2017$fGBP23.96$g0$hP$5Uk
=ACF  \\$aPrevious copyright fee: GBP23.04$c42\0$e01-oct-2017$fGBP23.04$g0$hP$5Uk
=CAT  \\$a4861$b40$c20050623$lBLL01$h1527
=CAT  \\$aIPL-CLA$c20140630$lBLL01$h1724
=CAT  \\$aBLDSS-3PM$b00$c20150102$lBLL01$h1730
=CAT  \\$aBATCH-UPD$b00$c20150219$lBLL01$h1910
=CAT  \\$aIPL-CLA$c20150331$lBLL01$h1640
=CAT  \\$aBATCH-UPD$b00$c20150405$lBLL01$h0834
=CAT  \\$aBATCH-UPD$b00$c20150520$lBLL01$h1907
=CAT  \\$aIPL-CLA$c20150630$lBLL01$h1648
=CAT  \\$aBATCH-UPD$b00$c20150820$lBLL01$h1939
=CAT  \\$aIPL-CLA$c20150930$lBLL01$h1808
=CAT  \\$aBATCH-UPD$b00$c20160217$lBLL01$h1836
=CAT  \\$aIPL-CLA$c20160331$lBLL01$h1729
=CAT  \\$aBATCH-UPD$b00$c20160524$lBLL01$h2239
=CAT  \\$aBATCH-UPD$b00$c20160525$lBLL01$h0442
=CAT  \\$aWR16_021$c20160611$lBLL01$h2006
=CAT  \\$aBATCH-CLA$b00$c20160612$lBLL01$h0138
=CAT  \\$aBATCH-UPD$b00$c20160824$lBLL01$h1856
=CAT  \\$aIPL-CLA$c20160930$lBLL01$h1605
=CAT  \\$aBATCH-UPD$b00$c20170216$lBLL01$h1941
=CAT  \\$aIPL-CLA$c20170331$lBLL01$h1846
=CAT  \\$aBATCH-UPD$b00$c20170904$lBLL01$h2004
=CAT  \\$aIPL-CLA$c20170929$lBLL01$h1730
=CAT  \\$aBATCH-UPD$b00$c20180223$lBLL01$h1901
=CAT  \\$aIPL-CLA$c20180331$lBLL01$h1621
=CAT  \\$aBATCH-UPD$b00$c20180524$lBLL01$h1755
=CAT  \\$aIPL-CLA$c20180630$lBLL01$h1917
=CFI  0\$aCurrent copyright fee: GBP19.00$c42\0$e01-jul-2018$fGBP19.00$g0$hP$5Uk
=CFI  2\$aPrevious copyright fee: GBP21.39$c42\0$e01-apr-2018$fGBP21.39$g0$hP$5Uk
=FFP  \\$aY$bBLDSS-3PM
=FIN  \\$aY$d20050818
=FMT  \\$a  BK
=LAS  \\$aIPL-CLA$b00$c20180630$lBLL01$h1917
=SRC  \\$aBLL02
=TCO  \\$aNLD$bSTICHTING REPRORECHT$c008
=UNO  \\$aY

