=LDR  03733aam a2200901 a 4500
=001  013415406
=003  Uk
=005  20200331161601.0
=008  060210s2007\\\\maua\\\\\b\\\\001\0\eng\\
=010  \\$a  2006004755
=015  \\$aGBA628162$2bnb
=016  7\$a013415406$2Uk
=020  \\$a9781405129565 (hbk.) :$c£50.00
=020  \\$a1405129565 (hbk.) :$c£50.00
=020  \\$a9781405129558 (pbk.) :$c£19.99
=020  \\$a1405129557 (pbk.) :$c£19.99
=040  \\$aStDuBDS$beng$cStDuBDS$dUk
=042  \\$aukblsr
=043  \\$an-us-dc
=050  00$aHN80.W3$bM63 2007
=082  00$a307.336209753$222
=100  1\$aModan, Gabriella Gahlia.
=245  10$aTurf wars :$bdiscourse, diversity, and the politics of place /$cGabriella Gahlia Modan.
=260  \\$aOxford :$bBlackwell,$c2007.
=300  \\$axi, 357 p. :$bill. ;$c23 cm.
=336  \\$atext$2rdacontent
=337  \\$aunmediated$2rdamedia
=338  \\$avolume$2rdacarrier
=490  1\$aNew directions in ethnography ;$v1
=500  \\$aFormerly CIP.$5Uk
=504  \\$aIncludes bibliographical references (p. [336]-350) and index.
=505  0\$aSketching the landscape -- Mt. Pleasant history and social geography -- The moral geography of Mt. Pleasant -- The politics of filth -- La Loca vs. the cultural vampires -- Keeping it in the family -- Home ties, winds of change -- Theorizing discourse -- Geography and social locations.
=540  \\$aCurrent copyright fee: GBP32.00$c35\0$5Uk
=650  \0$aCommunity development$zWashington (D.C.)
=650  \0$aNeighborhood$xSocial aspects$zWashington (D.C.)
=651  \0$aMount Pleasant (Washington, D.C.)
=690  7\$aSocial Welfare$2blcoll
=830  \0$aNew directions in ethnography ;$v1.
=852  41$aBritish Library$bHMNTS$jYC.2007.a.7294
=852  41$aBritish Library$bDSC$j6083.364700$iv.1
=852  \\$aBritish Library$bDSC
=856  \\$31850-9999$uhttp://onlinelibrary.wiley.com/$xBLDSS
=856  41$3Table of contents only$uhttp://www.loc.gov/catdir/toc/ecip069/2006004755.html
=BUF  \\$aN$d20070125
=CAT  \\$aBATCH-CIP$b00$c20060228$lBLL01$h1704
=CAT  \\$aBATCH-CLA$b00$c20130525$lBLL01$h1849
=CAT  \\$aBATCH-CLA$b00$c20130526$lBLL01$h1703
=CAT  \\$aBLDSS-3PM$b00$c20141214$lBLL01$h1523
=CAT  \\$aBATCH-CLA$b00$c20141215$lBLL01$h0101
=CAT  \\$aBATCH-UPD$b00$c20150215$lBLL01$h1627
=CAT  \\$aBATCH-CLA$b00$c20150216$lBLL01$h0043
=CAT  \\$aIPL-CLA$c20150228$lBLL01$h2050
=CAT  \\$aWR16_021$c20160613$lBLL01$h1812
=CAT  \\$aBATCH-UPD$b00$c20160613$lBLL01$h1932
=CAT  \\$aBATCH-CLA$b00$c20160614$lBLL01$h0129
=CAT  \\$aW1703-0316$c20170306$lBLL01$h1825
=CAT  \\$aBATCH-CLA$b00$c20170307$lBLL01$h0116
=CAT  \\$aW1703-0316$c20170307$lBLL01$h1648
=CAT  \\$aIPL-CLA$c20170307$lBLL01$h1824
=CAT  \\$aBATCH-CLA$b00$c20170308$lBLL01$h0137
=CAT  \\$aBATCH-UPD$b00$c20180219$lBLL01$h1748
=CAT  \\$aBATCH-CLA$b00$c20180220$lBLL01$h0156
=CAT  \\$aBATCH-UPD$b00$c20181121$lBLL01$h1622
=CAT  \\$aBATCH-CLA$b00$c20181122$lBLL01$h0141
=CAT  \\$aBATCH-CLA$b00$c20181122$lBLL01$h0148
=CAT  \\$aIPL-CLA$c20181231$lBLL01$h1544
=CAT  \\$aBATCH-UPD$b00$c20200219$lBLL01$h1541
=CAT  \\$aBATCH-CLA$b00$c20200220$lBLL01$h0459
=CAT  \\$aBATCH-CLA$b00$c20200220$lBLL01$h0511
=CAT  \\$aIPL-CLA$c20200331$lBLL01$h1616
=CFI  0\$aCurrent copyright fee: GBP32.00$c35\0$e01-apr-2020$fGBP32.00$g0$hP$5Uk
=CFI  2\$aPrevious copyright fee: GBP28.00$c35\0$e01-jan-2019$fGBP28.00$g0$hP$5Uk
=FFP  \\$aY$bBLDSS-3PM
=FIN  \\$aY$d20070125
=FMT  \\$a  BK
=LAS  \\$aIPL-CLA$b00$c20200331$lBLL01$h1616
=TCO  \\$aCLA$bCLA$c008
=UNO  \\$aY

