=LDR  03241cam a2200685 a 4500
=001  019498822
=003  Uk
=005  20190807100726.0
=008  040227s2004\\\\gw\a\\\\\b\\\\101\0\eng\\
=010  \\$a  2004045280
=020  \\$a354021254X$q(acid-free paper)
=020  \\$a9783540212546$q(acid-free paper)
=035  \\$a(OCoLC)54529453$z(OCoLC)62805189$z(OCoLC)123316408$z(OCoLC)969884515$z(OCoLC)977802722$z(OCoLC)1013423971$z(OCoLC)1045408349$z(OCoLC)1049761380$z(OCoLC)1049844797$z(OCoLC)1055559182$z(OCoLC)1055967073$z(OCoLC)1056825468
=040  \\$aDLC$beng$cDLC$dMUQ$dBAKER$dBTCTA$dYDXCP$dUBA$dMNU$dIG#$dBDX$dOCLCF$dOCLCQ$dOCLCO$dOCLCQ$dOCL$dOCLCO$dGILDS$dCAI$dOCLCQ$dUk
=042  \\$apcc
=050  00$aQB790$b.C66 2003
=082  00$a523.1/125$222
=088  \\$aSPP 91
=111  2\$aCologne-Bonn-Zermatt-Symposium "The Dense Interstellar Medium in Galaxies"$n(4th :$d2003 :$cZermatt, Switzerland)
=245  14$aThe dense interstellar medium in galaxies :$bproceedings of the 4th Cologne-Bonn-Zermatt-Symposium "The Dense Interstellar Medium in Galaxies", Zermatt, 22-26 September, 2003 /$cS. Pfalzner [and others], eds.
=260  \\$aBerlin ;$aNew York :$bSpringer,$c©2004.
=300  \\$axx, 666 pages :$billustrations ;$c24 cm +$e1 CD-ROM (4 3/4 in.).
=336  \\$atext$btxt$2rdacontent
=337  \\$aunmediated$bn$2rdamedia
=338  \\$avolume$bnc$2rdacarrier
=490  1\$aSpringer proceedings in physics,$x0930-8989 ;$v91
=504  \\$aIncludes bibliographical references and indexes.
=538  \\$aSystem requirements for accompanying CD-rOM: Adobe Acrobat Reader 4.* or higher or Ghostview 3.* or higher and win-zip.
=540  \\$aCurrent copyright fee: GBP19.00$c42\0$5Uk
=650  \0$aInterstellar matter$vCongresses.
=650  \0$aGalaxies$vCongresses.
=650  \6$aMatière interstellaire$vCongrès.
=650  \6$aGalaxies$vCongrès.
=650  \7$aGalaxies.$2fast$0(OCoLC)fst00937121
=650  \7$aInterstellar matter.$2fast$0(OCoLC)fst00977542
=650  \7$aFísica.$2larpcal
=655  \4$aCongresses.
=655  \7$aConference papers and proceedings.$2fast$0(OCoLC)fst01423772
=700  1\$aPfalzner, Susanne.
=830  \0$aSpringer proceedings in physics ;$vv. 91.
=852  41$aBritish Library$bSTI
=852  41$aBritish Library$bDSC$j8424.726500
=856  \\$31850-9999$uhttp://link.springer.com/$xBLDSS
=856  41$3Table of contents$uhttp://catdir.loc.gov/catdir/enhancements/fy0813/2004045280-t.html
=856  42$3Publisher description$uhttp://catdir.loc.gov/catdir/enhancements/fy0813/2004045280-d.html
=CAT  \\$a8874$b40$c20190807$lBLL01$h1003
=CAT  \\$a8874$b40$c20190807$lBLL01$h1007
=CAT  \\$aBATCH-CLA$b00$c20190808$lBLL01$h0107
=CAT  \\$aBATCH-UPD$b00$c20190814$lBLL01$h0004
=CAT  \\$aBATCH-CLA$b00$c20190815$lBLL01$h0107
=CAT  \\$aBLDSS-3PM$b00$c20190815$lBLL01$h0859
=CAT  \\$aBATCH-UPD$b00$c20190815$lBLL01$h0907
=CAT  \\$aBATCH-CLA$b00$c20190816$lBLL01$h0107
=CFI  0\$aCurrent copyright fee: GBP19.00$c42\0$e01-jul-2018$fGBP19.00$g0$hP$5Uk
=FFP  \\$aY$bBLDSS-3PM
=FIN  \\$aY$d20190807
=FMT  \\$a  BK
=LAS  \\$aBATCH-CLA$b00$c20190816$lBLL01$h0107
=SID  \\$aZ39$bOCLC
=UNO  \\$aY

