=LDR  03586cam a2200841 i 4500
=001  017895991
=003  Uk
=005  20230924063306.0
=008  160405s2016\\\\sz\a\\\\\b\\\|0|1\0|eng\\
=010  \\$a  2016937938
=020  \\$a9783319315461 (hardback)
=020  \\$a9783319315485 (eBook)
=040  \\$aDLC$beng$cDLC$dDLC$dUk$erda
=042  \\$aukblsr
=082  04$a621.35$223
=100  1\$aChen, Dapeng$c(Physicist),$eauthor.
=245  10$aGrowth and characterization of bulk superconductor material /$cDapeng Chen, Chengtian Lin, Andrey Maljuk, Fang Zhou.
=264  \1$aSwitzerland :$bSpringer,$c[2016]
=300  \\$axi, 196 pages :$billustrations (black and white, and colour) ;$c25 cm.
=336  \\$atext$btxt$2rdacontent
=337  \\$aunmediated$bn$2rdamedia
=338  \\$avolume$bnc$2rdacarrier
=490  0\$aSpringer series in materials sScience,$x0933-033X ;$vvolume 243
=504  \\$aIncludes bibliographical references and index.
=530  \\$aAlso published electronically.
=540  \\$aCurrent copyright fee: GBP19.00$c42\0$5Uk
=650  \0$aSuperconductors.
=700  1\$aLin, Chengtian,$eauthor.
=700  1\$aMaljuk, Andrey,$eauthor.
=700  1\$aZhou, Fang$c(Physicist),$eauthor.
=852  41$aBritish Library$bSTI
=852  41$aBritish Library$bDSC$j8424.766600
=852  41$aBritish Library$bSTI$k(B)$h621.35
=856  \\$31850-9999$uhttp://link.springer.com/$xBLDSS
=856  41$3Table of contents only$uhttps://www.loc.gov/catdir/enhancements/fy1615/2016937938-t.html
=856  42$3Contributor biographical information$uhttps://www.loc.gov/catdir/enhancements/fy1615/2016937938-b.html
=856  42$3Publisher description$uhttps://www.loc.gov/catdir/enhancements/fy1615/2016937938-d.html
=ACF  \\$aPrevious copyright fee: GBP20.66$c42\0$e01-apr-2016$fGBP20.66$g0$hP$5Uk
=ACF  \\$aPrevious copyright fee: GBP22.19$c42\0$e01-oct-2016$fGBP22.19$g0$hP$5Uk
=ACF  \\$aPrevious copyright fee: GBP23.96$c42\0$e01-apr-2017$fGBP23.96$g0$hP$5Uk
=ACF  \\$aPrevious copyright fee: GBP23.04$c42\0$e01-oct-2017$fGBP23.04$g0$hP$5Uk
=CAT  \\$a6098$b40$c20160628$lBLL01$h1130
=CAT  \\$a6098$b40$c20160628$lBLL01$h1146
=CAT  \\$a8411$b40$c20160701$lBLL01$h1348
=CAT  \\$aBATCH-CLA$b00$c20160702$lBLL01$h0113
=CAT  \\$aBATCH-UPD$b00$c20160705$lBLL01$h2158
=CAT  \\$a11250$b40$c20160706$lBLL01$h1520
=CAT  \\$aBATCH-CLA$b00$c20160707$lBLL01$h0111
=CAT  \\$a11250$b40$c20160707$lBLL01$h0908
=CAT  \\$aBLDSS-3PM$b00$c20160711$lBLL01$h1615
=CAT  \\$aBATCH-UPD$b00$c20160711$lBLL01$h1616
=CAT  \\$aBATCH-CLA$b00$c20160712$lBLL01$h0108
=CAT  \\$aBATCH-UPD$b00$c20160824$lBLL01$h1913
=CAT  \\$aBATCH-CLA$b00$c20160825$lBLL01$h0149
=CAT  \\$aIPL-CLA$c20160930$lBLL01$h1648
=CAT  \\$aBATCH-UPD$b00$c20170216$lBLL01$h1958
=CAT  \\$aIPL-CLA$c20170331$lBLL01$h1928
=CAT  \\$aBATCH-UPD$b00$c20170904$lBLL01$h2027
=CAT  \\$aIPL-CLA$c20170929$lBLL01$h1814
=CAT  \\$aBATCH-UPD$b00$c20180223$lBLL01$h1926
=CAT  \\$aIPL-CLA$c20180331$lBLL01$h1719
=CAT  \\$aBATCH-UPD$b00$c20180524$lBLL01$h1807
=CAT  \\$aIPL-CLA$c20180630$lBLL01$h1944
=CAT  \\$aW2308-1659$c20230923$lBLL01$h1007
=CAT  \\$aBATCH-CLA$b00$c20230924$lBLL01$h0633
=CFI  0\$aCurrent copyright fee: GBP19.00$c42\0$e01-jul-2018$fGBP19.00$g0$hP$5Uk
=FFP  \\$aY$bBLDSS-3PM
=FIN  \\$aY$d20160706
=FMT  \\$a  BK
=LAS  \\$aBATCH-CLA$b00$c20230924$lBLL01$h0633
=SID  \\$aZ39$bLOC
=TCO  \\$aDEU$bVG WORT$c008
=UNO  \\$aY

