=LDR  02814cam a2200709 i 4500
=001  018236487
=003  Uk
=005  20230924062010.0
=008  160929s2016\\\\sz\a\\\\\b\\\|000\0\eng\\
=010  \\$a  2016955320
=015  \\$aGBB730584$2bnb
=020  \\$a9783319429328 (cased)
=020  \\$z9783319429342 (eBook)
=040  \\$aDLC$beng$cDLC$dDLC$dUk$erda
=042  \\$aukblsr
=082  04$a616.9940695$223
=245  00$aCurrent strategies in cancer gene therapy /$cWolfgang Walther, editor.
=264  \1$aCham :$bSpringer,$c[2016]
=300  \\$av, 121 pages :$billustrations (black and white, and colour) ;$c25 cm.
=336  \\$atext$2rdacontent
=337  \\$aunmediated$2rdamedia
=338  \\$avolume$2rdacarrier
=490  0\$aRecent results in cancer research,$x0080-0015 ;$vvolume 209
=504  \\$aIncludes bibliographical references.
=540  \\$aCurrent copyright fee: GBP19.00$c42\0$5Uk
=650  \0$aCancer$xGene therapy.
=700  1\$aWalther, Wolfgang,$eeditor.
=852  41$aBritish Library$bSTI
=852  41$aBritish Library$bDSC$j7305.090000
=856  \\$31850-9999$uhttp://link.springer.com/$xBLDSS
=856  41$3Table of contents only$uhttps://www.loc.gov/catdir/enhancements/fy1701/2016955320-t.html
=856  42$3Publisher description$uhttps://www.loc.gov/catdir/enhancements/fy1701/2016955320-d.html
=ACF  \\$aPrevious copyright fee: GBP23.96$c42\0$e01-apr-2017$fGBP23.96$g0$hP$5Uk
=ACF  \\$aPrevious copyright fee: GBP23.04$c42\0$e01-oct-2017$fGBP23.04$g0$hP$5Uk
=CAT  \\$a6098$b40$c20170222$lBLL01$h1346
=CAT  \\$a8411$b40$c20170222$lBLL01$h1603
=CAT  \\$aBATCH-CLA$b00$c20170223$lBLL01$h0110
=CAT  \\$aBLDSS-3PM$b00$c20170227$lBLL01$h1453
=CAT  \\$aBATCH-UPD$b00$c20170227$lBLL01$h1454
=CAT  \\$aBATCH-CLA$b00$c20170228$lBLL01$h0113
=CAT  \\$aBATCH-UPD$b00$c20170228$lBLL01$h2312
=CAT  \\$aBATCH-CLA$b00$c20170301$lBLL01$h0135
=CAT  \\$a6989$b40$c20170301$lBLL01$h1207
=CAT  \\$aBATCH-CLA$b00$c20170302$lBLL01$h0111
=CAT  \\$aIPL-CLA$c20170331$lBLL01$h1929
=CAT  \\$aBATCH-UPD$b00$c20170904$lBLL01$h2029
=CAT  \\$aBATCH-CLA$b00$c20170905$lBLL01$h0204
=CAT  \\$aIPL-CLA$c20170929$lBLL01$h1815
=CAT  \\$aBATCH-UPD$b00$c20180223$lBLL01$h1927
=CAT  \\$aIPL-CLA$c20180331$lBLL01$h1721
=CAT  \\$aBATCH-UPD$b00$c20180524$lBLL01$h1808
=CAT  \\$aIPL-CLA$c20180630$lBLL01$h1945
=CAT  \\$aW2308-1659$c20230923$lBLL01$h1014
=CAT  \\$aBATCH-CLA$b00$c20230924$lBLL01$h0620
=CFI  0\$aCurrent copyright fee: GBP19.00$c42\0$e01-jul-2018$fGBP19.00$g0$hP$5Uk
=FFP  \\$aY$bBLDSS-3PM
=FIN  \\$aY$d20170301
=FMT  \\$a  BK
=LAS  \\$aBATCH-CLA$b00$c20230924$lBLL01$h0620
=SID  \\$aZ39$bLOC
=TCO  \\$aDEU$bVG WORT$c008
=UNO  \\$aY

