=LDR  04097cam a2200949 i 4500
=001  016471628
=003  Uk
=005  20130830132634.0
=008  121126s2013\\\\gw\a\\\\\b\\\|001\0|eng\\
=010  \\$a2012954619
=015  \\$aGBB377834$2bnb
=020  \\$a9783642358487 (cased)
=020  \\$z9783642358494 (eBook)
=040  \\$aDLC$cDLC$dDLC$dUk$erda
=042  \\$aukblsr
=082  04$a620.11232$223
=100  1\$aHashiguchi, Koichi,$eauthor.
=245  10$aElastoplasticity theory /$cKoichi Hashiguchi.
=250  \\$a2nd edition.
=264  \1$aDordrecht :$bSpringer,$c[2013]
=264  \4$c©2014
=300  \\$axviii, 455 pages :$billustrations (black and white, and colour) ;$c24 cm.
=336  \\$atext$2rdacontent
=337  \\$aunmediated$2rdamedia
=338  \\$avolume$2rdacarrier
=490  0\$aLecture notes in applied and computational mechanics,$x1613-7736 ;$v69
=504  \\$aIncludes bibliographical references and index.
=530  \\$aAlso published electronically.
=540  \\$aCurrent copyright fee: GBP19.00$c42\0$5Uk
=650  \0$aElastoplasticity.
=650  \0$aElastoplasticity$xMathematical models.
=852  41$aBritish Library$bDSC$j5180.183300
=852  41$aBritish Library$bSTI
=852  11$aBritish Library$bSTI$k(B)$h620.11232$ino. 69
=856  \\$31850-9999$uhttp://www.springer.com/gb/$xBLDSS
=856  41$3Table of contents only$uhttp://www.loc.gov/catdir/enhancements/fy1313/2012954619-t.html
=856  42$3Publisher description$uhttp://www.loc.gov/catdir/enhancements/fy1313/2012954619-d.html
=ACF  \\$aPrevious copyright fee: GBP19.32$c42\0$e01-jul-2013$fGBP19.32$g0$hP$5Uk
=ACF  \\$aPrevious copyright fee: GBP18.72$c42\0$e01-jan-2014$fGBP18.72$g0$hP$5Uk
=ACF  \\$aPrevious copyright fee: GBP18.15$c42\0$e01-jul-2014$fGBP18.15$g0$hP$5Uk
=ACF  \\$aPrevious copyright fee: GBP19.32$c42\0$e01-apr-2015$fGBP19.32$g0$hP$5Uk
=ACF  \\$aPrevious copyright fee: GBP19.97$c42\0$e01-jul-2015$fGBP19.97$g0$hP$5Uk
=ACF  \\$aPrevious copyright fee: GBP19.32$c42\0$e01-oct-2015$fGBP19.32$g0$hP$5Uk
=ACF  \\$aPrevious copyright fee: GBP20.66$c42\0$e01-apr-2016$fGBP20.66$g0$hP$5Uk
=ACF  \\$aPrevious copyright fee: GBP22.19$c42\0$e01-oct-2016$fGBP22.19$g0$hP$5Uk
=ACF  \\$aPrevious copyright fee: GBP23.96$c42\0$e01-apr-2017$fGBP23.96$g0$hP$5Uk
=ACF  \\$aPrevious copyright fee: GBP23.04$c42\0$e01-oct-2017$fGBP23.04$g0$hP$5Uk
=CAT  \\$a6098$b40$c20130813$lBLL01$h1245
=CAT  \\$aIPL-CLA$c20140101$lBLL01$h0214
=CAT  \\$aBATCH-UPD$b00$c20140527$lBLL01$h2241
=CAT  \\$aBATCH-CLA$c20140528$lBLL01$h1816
=CAT  \\$aIPL-CLA$c20140630$lBLL01$h1800
=CAT  \\$aBLDSS-3PM$b00$c20150102$lBLL01$h1736
=CAT  \\$aBATCH-UPD$b00$c20150219$lBLL01$h1926
=CAT  \\$aIPL-CLA$c20150331$lBLL01$h1724
=CAT  \\$aBATCH-UPD$b00$c20150520$lBLL01$h1923
=CAT  \\$aIPL-CLA$c20150630$lBLL01$h1720
=CAT  \\$aBATCH-UPD$b00$c20150820$lBLL01$h1953
=CAT  \\$aIPL-CLA$c20150930$lBLL01$h1849
=CAT  \\$aBATCH-UPD$b00$c20160217$lBLL01$h1852
=CAT  \\$aIPL-CLA$c20160331$lBLL01$h1813
=CAT  \\$aBATCH-UPD$b00$c20160524$lBLL01$h2254
=CAT  \\$aBATCH-UPD$b00$c20160525$lBLL01$h0614
=CAT  \\$aBATCH-UPD$b00$c20160824$lBLL01$h1910
=CAT  \\$aIPL-CLA$c20160930$lBLL01$h1639
=CAT  \\$aBATCH-UPD$b00$c20170216$lBLL01$h1954
=CAT  \\$aIPL-CLA$c20170331$lBLL01$h1917
=CAT  \\$aBATCH-UPD$b00$c20170904$lBLL01$h2022
=CAT  \\$aIPL-CLA$c20170929$lBLL01$h1802
=CAT  \\$aBATCH-UPD$b00$c20180223$lBLL01$h1920
=CAT  \\$aIPL-CLA$c20180331$lBLL01$h1706
=CAT  \\$aBATCH-UPD$b00$c20180524$lBLL01$h1805
=CAT  \\$aIPL-CLA$c20180630$lBLL01$h1938
=CFI  0\$aCurrent copyright fee: GBP19.00$c42\0$e01-jul-2018$fGBP19.00$g0$hP$5Uk
=CFI  2\$aPrevious copyright fee: GBP21.39$c42\0$e01-apr-2018$fGBP21.39$g0$hP$5Uk
=FFP  \\$aY$bBLDSS-3PM
=FIN  \\$aY$d20130829
=FMT  \\$a  BK
=LAS  \\$aIPL-CLA$b00$c20180630$lBLL01$h1938
=SID  \\$aZ39$bLOC
=TCO  \\$aDEU$bVG WORT$c008
=UNO  \\$aY

