=LDR  04185cam a2200937 a 4500
=001  016798293
=003  Uk
=005  20230426111101.0
=008  041203s2006\\\\vaua\\\f\b\\\\100\0\eng\\
=010  \\$a2005415690
=015  \\$aGBA862562$2bnb
=020  \\$a1904501842 :$c£99.99
=020  \\$a9781904501848 :$c£99.99
=035  \\$a(OCoLC)61705004
=040  \\$aUKM$beng$cUKM$dDLC$dBAKER$dYDXCP$dUk
=042  \\$aukblsr
=050  00$aHJ5316$b.C75 2005
=082  04$a336.2$222
=111  2\$aGlobal Conference on Environmental Taxation$n(5th :$d2004 :$cPavia, Italy)
=245  10$aCritical issues in environmental taxation /$ceditors, Hope Ashiabor ... [et al.].
=260  \\$aRichmond, U.K. :$bRichmond Law & Tax,$cc2006.
=300  \\$av. :$bill. ;$c24 cm.
=336  \\$atext$2rdacontent
=337  \\$aunmediated$2rdamedia
=338  \\$avolume$2rdacarrier
=500  \\$a"Preliminary drafts of the articles were presented at the fifth annual global conference on environmental taxation issues held on 9-11 September 2004 in Pavia, Italy"--v. 3 pref.
=504  \\$aIncludes bibliographical references.
=540  \\$aCurrent copyright fee: GBP28.00$c29\0$5Uk
=591  \\$aPapers.
=650  \0$aEnvironmental impact charges.
=653  1\$aEnvironmental taxation
=690  7\$aManagement and Business Studies$2blcoll
=700  1\$aAshiabor, Hope.
=852  41$aBritish Library$bHMNTS$jYC.2011.a.8575
=852  41$aBritish Library$bHMNTS$jYC.2014.a.9720
=852  41$aBritish Library$bHMNTS$jYC.2014.a.9722
=852  41$aBritish Library$bHMNTS$jYC.2009.a.12052
=852  41$aBritish Library$bHMNTS$jYC.2013.a.10984
=852  41$aBritish Library$bDSC$jm14/.11673
=852  41$aBritish Library$bDSC$jm14/.11674
=852  41$aBritish Library$bDSC$jm14/.11675
=852  41$aBritish Library$bHMNTS$jYC.2014.a.9744
=852  41$aBritish Library$bHMNTS$jYC.2010.a.9002
=852  41$aBritish Library$bHMNTS$jYC.2009.a.11770
=852  41$aBritish Library$bDSC
=856  \\$31850-9999$uhttp://ukcatalogue.oup.com/$xBLDSS
=856  41$3Table of contents only$uhttp://www.loc.gov/catdir/toc/fy0611/2005415690.html
=856  42$3Publisher description$uhttp://www.loc.gov/catdir/enhancements/fy0724/2005415690-d.html
=ACF  \\$aPrevious copyright fee: GBP20.00$c29\0$e01-jan-2013$fGBP20.00$g0$hP$5Uk
=ACF  \\$aPrevious copyright fee: GBP23.00$c29\0$e01-jan-2015$fGBP23.00$g0$hP$5Uk
=ACF  \\$aPrevious copyright fee: GBP24.00$c29\0$e01-jan-2016$fGBP24.00$g0$hP$5Uk
=ACF  \\$aPrevious copyright fee: GBP26.00$c29\0$e01-jan-2017$fGBP26.00$g0$hP$5Uk
=CAT  \\$a10932$b40$c20140725$lBLL01$h1446
=CAT  \\$a10932$b40$c20140725$lBLL01$h1454
=CAT  \\$a10969$b40$c20140725$lBLL01$h1722
=CAT  \\$a10969$b40$c20140725$lBLL01$h1723
=CAT  \\$aBATCH-UPD$b40$c20141124$lBLL01$h1812
=CAT  \\$aBLDSS-3PM$b00$c20141208$lBLL01$h1629
=CAT  \\$aIPL-CLA$c20141231$lBLL01$h1705
=CAT  \\$aBATCH-UPD$b00$c20151119$lBLL01$h1552
=CAT  \\$aIPL-CLA$c20151231$lBLL01$h1936
=CAT  \\$aBATCH-UPD$b00$c20160524$lBLL01$h2215
=CAT  \\$aBATCH-UPD$b00$c20160525$lBLL01$h0058
=CAT  \\$aBATCH-UPD$b00$c20161122$lBLL01$h1522
=CAT  \\$aIPL-CLA$c20161231$lBLL01$h0018
=CAT  \\$aBATCH-UPD$b00$c20171121$lBLL01$h1705
=CAT  \\$aIPL-CLA$c20171231$lBLL01$h1825
=CAT  \\$aBATCH-UPD$b00$c20181217$lBLL01$h1653
=CAT  \\$aIPL-CLA$c20181231$lBLL01$h1554
=CAT  \\$aBATCH-SUPP$c20230426$lBLL01$h1111
=CAT  \\$aW2308-1659$c20230923$lBLL01$h1026
=CFI  0\$aCurrent copyright fee: GBP28.00$c29\0$e01-jan-2019$fGBP28.00$g0$hP$5Uk
=CFI  2\$aPrevious copyright fee: GBP27.00$c29\0$e01-jan-2018$fGBP27.00$g0$hP$5Uk
=CNF  \\$aAnnual global conference on environmental taxation issues$n(5th :$d2004 Sep :$cPavia, Italy)
=FFP  \\$aY$bBLDSS-3PM
=FIN  \\$aY$d20070618
=FMT  \\$a  BK
=LAS  \\$aW2308-1659$b00$c20230923$lBLL01$h1026
=LKR  \\$aANA$b016798220$lBLL01$r773$y2006$v3$mCritical issues in environmental taxation /$nCritical issues in environmental taxation : international and comparative perspectives /
=SID  \\$aZ39$bOCLC
=UNO  \\$aY

