=LDR  03826cam a2200901 i 4500
=001  016897189
=003  Uk
=005  20230924065045.0
=008  140818s2014\\\\sz\a\\\\\b\\\\001\0\eng\\
=010  \\$a2014948781
=015  \\$aGBB4B8073$2bnb
=020  \\$a9783319101620 (hardback)
=020  \\$z9783319101637 (eBook)
=040  \\$aDLC$beng$cDLC$dDLC$erda
=042  \\$aukblsr
=082  04$a515.64$223
=100  1\$aCapatina, Anca,$eauthor.
=245  10$aVariational inequalities and frictional contact problems /$cAnca Capatina.
=264  \1$aCham :$bSpringer,$c[2014]
=300  \\$ax, 235 pages :$billustrations (black and white) ;$c25 cm.
=336  \\$atext$2rdacontent
=337  \\$aunmediated$2rdamedia
=338  \\$avolume$2rdacarrier
=490  1\$aAdvances in mechanics and mathematics,$x1571-8689 ;$vvolume 31
=504  \\$aIncludes bibliographical references and index.
=530  \\$aAlso published electronically.
=540  \\$aCurrent copyright fee: GBP29.95$c22\1$5Uk
=650  \0$aVariational inequalities (Mathematics)
=650  \0$aContact mechanics.
=830  \0$aAdvances in mechanics and mathematics,$x1571-8689 ;$vv. 31.
=852  41$aBritish Library$bDSC$j0709.374300
=852  41$aBritish Library$bSTI
=856  \\$31850-9999$uhttp://www.springer.com/gb/$xBLDSS
=856  41$3Table of contents only$uhttp://www.loc.gov/catdir/enhancements/fy1501/2014948781-t.html
=856  42$3Publisher description$uhttp://www.loc.gov/catdir/enhancements/fy1501/2014948781-d.html
=ACF  \\$aPrevious copyright fee: GBP24.21$c22\8$e01-jul-2014$fGBP24.21$g0$hP$5Uk
=ACF  \\$aPrevious copyright fee: GBP25.77$c22\8$e01-apr-2015$fGBP25.77$g0$hP$5Uk
=ACF  \\$aPrevious copyright fee: GBP26.63$c22\8$e01-jul-2015$fGBP26.63$g0$hP$5Uk
=ACF  \\$aPrevious copyright fee: GBP25.77$c22\8$e01-oct-2015$fGBP25.77$g0$hP$5Uk
=ACF  \\$aPrevious copyright fee: GBP27.55$c22\8$e01-apr-2016$fGBP27.55$g0$hP$5Uk
=ACF  \\$aPrevious copyright fee: GBP29.59$c22\8$e01-oct-2016$fGBP29.59$g0$hP$5Uk
=ACF  \\$aPrevious copyright fee: GBP31.96$c22\8$e01-apr-2017$fGBP31.96$g0$hP$5Uk
=ACF  \\$aPrevious copyright fee: GBP30.73$c22\8$e01-oct-2017$fGBP30.73$g0$hP$5Uk
=CAT  \\$a8411$b40$c20141021$lBLL01$h1043
=CAT  \\$aBATCH-UPD$b00$c20150520$lBLL01$h1800
=CAT  \\$aIPL-CLA$c20150630$lBLL01$h1723
=CAT  \\$aBATCH-UPD$b00$c20150820$lBLL01$h1847
=CAT  \\$aBATCH-UPD$b00$c20150820$lBLL01$h2103
=CAT  \\$aIPL-CLA$c20150930$lBLL01$h1853
=CAT  \\$aBATCH-UPD$b00$c20160217$lBLL01$h1738
=CAT  \\$aIPL-CLA$c20160331$lBLL01$h1817
=CAT  \\$aBATCH-UPD$b00$c20160524$lBLL01$h2216
=CAT  \\$aBATCH-UPD$b00$c20160525$lBLL01$h0058
=CAT  \\$aBATCH-UPD$b00$c20160824$lBLL01$h1805
=CAT  \\$aIPL-CLA$c20160930$lBLL01$h1642
=CAT  \\$aBATCH-UPD$b00$c20170216$lBLL01$h1853
=CAT  \\$aIPL-CLA$c20170331$lBLL01$h1921
=CAT  \\$aBATCH-UPD$b00$c20170904$lBLL01$h1903
=CAT  \\$aIPL-CLA$c20170929$lBLL01$h1806
=CAT  \\$aBATCH-UPD$b00$c20180223$lBLL01$h1736
=CAT  \\$aIPL-CLA$c20180331$lBLL01$h1710
=CAT  \\$aBATCH-UPD$b00$c20180524$lBLL01$h1723
=CAT  \\$aIPL-CLA$c20180630$lBLL01$h1941
=CAT  \\$aBATCH-UPD$b00$c20221121$lBLL01$h1406
=CAT  \\$aBATCH-CLA$b00$c20221122$lBLL01$h0212
=CAT  \\$aBATCH-CLA$b00$c20221122$lBLL01$h0244
=CAT  \\$aIPL-CLA$c20221231$lBLL01$h2330
=CAT  \\$aW2308-1659$c20230923$lBLL01$h1027
=CAT  \\$aBATCH-CLA$b00$c20230924$lBLL01$h0650
=CFI  0\$aCurrent copyright fee: GBP29.95$c22\1$e01-jan-2023$fGBP29.95$g0$hP$5Uk
=FFP  \\$aY$bBLDSS-3PM
=FIN  \\$aY$d20141023
=FMT  \\$a  BK
=LAS  \\$aBATCH-CLA$b00$c20230924$lBLL01$h0650
=SID  \\$aZ39$bLOC
=SRC  \\$aESTC
=TCO  \\$aTRS$bCCC$c008
=UNO  \\$aY

