=LDR  03863cam a2200925 i 4500
=001  016945406
=003  Uk
=005  20230924063305.0
=008  140825s2015\\\\ne\a\\\\\b\\\|0|1\0|eng\\
=010  \\$a  2014949373
=015  \\$aGBB4D2418$2bnb
=016  7\$a016945406$2Uk
=020  \\$a9789401794770
=020  \\$z9789401794787 (eBook)
=024  7\$z10.1007/9789401794787$2doi
=040  \\$aDLC$beng$cDLC$dDLC$dUK$erda
=042  \\$aukblsr
=082  04$a620.193$223
=245  00$aCarbon fibers /$cSoo-Jin Park.
=264  \1$aDordrecht :$bSpringer,$c[2015]
=300  \\$axi, 330 pages :$billustrations (black and white) ;$c25 cm.
=336  \\$atext$2rdacontent
=337  \\$aunmediated$2rdamedia
=338  \\$avolume$2rdacarrier
=490  0\$aSpringer series in materials science,$x0933-033X ;$vvolume 210
=504  \\$aIncludes bibliographical references and index.
=530  \\$aAlso issued online.
=540  \\$aCurrent copyright fee: GBP19.00$c42\0$5Uk
=650  \0$aCarbon fibers.
=650  \0$aCarbon composites.
=700  1\$aPark, Soo-Jin,$eeditor.
=852  41$aBritish Library$bSTI
=852  41$aBritish Library$bDSC$j8424.766600
=852  41$aBritish Library$bDSC$jm17/.10059
=852  11$aBritish Library$bSTI$k(B)$h620.193$ivol. 210
=856  \\$31850-9999$uhttp://www.springer.com/gb/$xBLDSS
=856  41$3Table of contents only$uhttp://www.loc.gov/catdir/enhancements/fy1413/2014949373-t.html
=856  42$3Contributor biographical information$uhttp://www.loc.gov/catdir/enhancements/fy1413/2014949373-b.html
=856  42$3Publisher description$uhttp://www.loc.gov/catdir/enhancements/fy1413/2014949373-d.html
=ACF  \\$aPrevious copyright fee: GBP18.15$c42\0$e01-jul-2014$fGBP18.15$g0$hP$5Uk
=ACF  \\$aPrevious copyright fee: GBP19.32$c42\0$e01-apr-2015$fGBP19.32$g0$hP$5Uk
=ACF  \\$aPrevious copyright fee: GBP19.97$c42\0$e01-jul-2015$fGBP19.97$g0$hP$5Uk
=ACF  \\$aPrevious copyright fee: GBP20.66$c42\0$e01-apr-2016$fGBP20.66$g0$hP$5Uk
=ACF  \\$aPrevious copyright fee: GBP22.19$c42\0$e01-oct-2016$fGBP22.19$g0$hP$5Uk
=ACF  \\$aPrevious copyright fee: GBP23.96$c42\0$e01-apr-2017$fGBP23.96$g0$hP$5Uk
=ACF  \\$aPrevious copyright fee: GBP23.04$c42\0$e01-oct-2017$fGBP23.04$g0$hP$5Uk
=CAT  \\$a8411$b40$c20141118$lBLL01$h1313
=CAT  \\$aBATCH-UPD$b00$c20150219$lBLL01$h1928
=CAT  \\$aIPL-CLA$c20150331$lBLL01$h1730
=CAT  \\$aBATCH-UPD$b00$c20150520$lBLL01$h1925
=CAT  \\$aIPL-CLA$c20150630$lBLL01$h1724
=CAT  \\$aBATCH-UPD$b00$c20150820$lBLL01$h1107
=CAT  \\$aBATCH-UPD$b00$c20150820$lBLL01$h1955
=CAT  \\$aIPL-CLA$c20150930$lBLL01$h1853
=CAT  \\$aBATCH-UPD$b00$c20160217$lBLL01$h1853
=CAT  \\$aIPL-CLA$c20160331$lBLL01$h1817
=CAT  \\$aBATCH-UPD$b00$c20160524$lBLL01$h2256
=CAT  \\$aBATCH-UPD$b00$c20160525$lBLL01$h0630
=CAT  \\$aWR16_021$c20160716$lBLL01$h1806
=CAT  \\$aBATCH-CLA$b00$c20160717$lBLL01$h0118
=CAT  \\$aBATCH-UPD$b00$c20160824$lBLL01$h1911
=CAT  \\$aIPL-CLA$c20160930$lBLL01$h1642
=CAT  \\$aBATCH-UPD$b00$c20170216$lBLL01$h1956
=CAT  \\$aIPL-CLA$c20170331$lBLL01$h1921
=CAT  \\$aBATCH-UPD$b00$c20170904$lBLL01$h2025
=CAT  \\$aIPL-CLA$c20170929$lBLL01$h1807
=CAT  \\$aBATCH-UPD$b00$c20180223$lBLL01$h1923
=CAT  \\$aIPL-CLA$c20180331$lBLL01$h1710
=CAT  \\$aBATCH-UPD$b00$c20180524$lBLL01$h1806
=CAT  \\$aIPL-CLA$c20180630$lBLL01$h1941
=CAT  \\$aW2308-1659$c20230923$lBLL01$h1027
=CAT  \\$aBATCH-CLA$b00$c20230924$lBLL01$h0633
=CFI  0\$aCurrent copyright fee: GBP19.00$c42\0$e01-jul-2018$fGBP19.00$g0$hP$5Uk
=FFP  \\$aY$bBLDSS-3PM
=FIN  \\$aY$d20141124
=FMT  \\$a  BK
=LAS  \\$aBATCH-CLA$b00$c20230924$lBLL01$h0633
=SID  \\$aZ39$bLOC
=TCO  \\$aDEU$bVG WORT$c008
=UNO  \\$aY

