=LDR  04165cam a2200961 i 4500
=001  016967435
=003  Uk
=005  20230924063305.0
=008  140805s2015\\\\sz\a\\\\\b\\\\001\0\eng\\
=010  \\$a  2014947657
=015  \\$aGBB4E2622$2bnb
=020  \\$a9783319083858 (hardback)
=020  \\$z9783319083865 (e-book)
=040  \\$aDLC$beng$cDLC$dDLC$dUk$erda
=042  \\$aukblsr
=082  04$a621.365$223
=245  00$aNonlinear, tunable and active metamaterials /$cIlya V. Shadrivov, Mikhail Lapine, Yuri S. Kivshar, editors.
=264  \1$aNew York :$bSpringer,$c[2015]
=300  \\$axxii, 324 pages :$billustrations (black and white) ;$c25 cm.
=336  \\$atext$2rdacontent
=337  \\$aunmediated$2rdamedia
=338  \\$avolume$2rdacarrier
=490  1\$aSpringer series in materials science,$x0933-033X ;$vVolume 200
=504  \\$aIncludes bibliographical references and index.
=530  \\$aAlso published electronically.
=540  \\$aCurrent copyright fee: GBP19.00$c42\0$5Uk
=650  \0$aPhotonics.
=650  \0$aNonlinear optics.
=650  \0$aElectromagnetism.
=650  \0$aMetamaterials.
=700  1\$aShadrivov, Ilya V.,$eeditor.
=700  1\$aLapine, Mikhail,$eeditor.
=700  1\$aKivshar, Y. S.$q(Yuri S.),$d1959-$eeditor.
=830  \0$aSpringer series in materials science,$x0933-033X ;$vv. 200.
=852  41$aBritish Library$bSTI
=852  41$aBritish Library$bDSC$j8424.766600
=852  11$aBritish Library$bSTI$k(B)$h621.365
=856  \\$31850-9999$uhttp://link.springer.com/$xBLDSS
=856  41$3Table of contents only$uhttp://www.loc.gov/catdir/enhancements/fy1412/2014947657-t.html
=856  42$3Contributor biographical information$uhttp://www.loc.gov/catdir/enhancements/fy1412/2014947657-b.html
=856  42$3Publisher description$uhttp://www.loc.gov/catdir/enhancements/fy1412/2014947657-d.html
=ACF  \\$aPrevious copyright fee: GBP18.15$c42\0$e01-jul-2014$fGBP18.15$g0$hP$5Uk
=ACF  \\$aPrevious copyright fee: GBP19.32$c42\0$e01-apr-2015$fGBP19.32$g0$hP$5Uk
=ACF  \\$aPrevious copyright fee: GBP19.97$c42\0$e01-jul-2015$fGBP19.97$g0$hP$5Uk
=ACF  \\$aPrevious copyright fee: GBP19.32$c42\0$e01-oct-2015$fGBP19.32$g0$hP$5Uk
=ACF  \\$aPrevious copyright fee: GBP20.66$c42\0$e01-apr-2016$fGBP20.66$g0$hP$5Uk
=ACF  \\$aPrevious copyright fee: GBP22.19$c42\0$e01-oct-2016$fGBP22.19$g0$hP$5Uk
=ACF  \\$aPrevious copyright fee: GBP23.96$c42\0$e01-apr-2017$fGBP23.96$g0$hP$5Uk
=ACF  \\$aPrevious copyright fee: GBP23.04$c42\0$e01-oct-2017$fGBP23.04$g0$hP$5Uk
=CAT  \\$a7233$b40$c20141203$lBLL01$h1355
=CAT  \\$aBATCH-CLA$b00$c20150103$lBLL01$h0058
=CAT  \\$aBATCH-UPD$b00$c20150219$lBLL01$h1928
=CAT  \\$aBLDSS-3PM$b00$c20150223$lBLL01$h0858
=CAT  \\$aIPL-CLA$c20150331$lBLL01$h1730
=CAT  \\$aBATCH-UPD$b00$c20150520$lBLL01$h1925
=CAT  \\$aIPL-CLA$c20150630$lBLL01$h1724
=CAT  \\$aBATCH-UPD$b00$c20150820$lBLL01$h1107
=CAT  \\$aBATCH-UPD$b00$c20150820$lBLL01$h1955
=CAT  \\$aIPL-CLA$c20150930$lBLL01$h1854
=CAT  \\$aBATCH-UPD$b00$c20160217$lBLL01$h1854
=CAT  \\$aIPL-CLA$c20160331$lBLL01$h1818
=CAT  \\$aBATCH-UPD$b00$c20160524$lBLL01$h2256
=CAT  \\$aBATCH-UPD$b00$c20160525$lBLL01$h0631
=CAT  \\$aBATCH-UPD$b00$c20160824$lBLL01$h1912
=CAT  \\$aIPL-CLA$c20160930$lBLL01$h1643
=CAT  \\$aBATCH-UPD$b00$c20170216$lBLL01$h1956
=CAT  \\$aIPL-CLA$c20170331$lBLL01$h1922
=CAT  \\$aBATCH-UPD$b00$c20170904$lBLL01$h2025
=CAT  \\$aIPL-CLA$c20170929$lBLL01$h1807
=CAT  \\$aBATCH-UPD$b00$c20180223$lBLL01$h1923
=CAT  \\$aIPL-CLA$c20180331$lBLL01$h1710
=CAT  \\$aBATCH-UPD$b00$c20180524$lBLL01$h1806
=CAT  \\$aIPL-CLA$c20180630$lBLL01$h1941
=CAT  \\$aW2308-1659$c20230923$lBLL01$h1028
=CAT  \\$aBATCH-CLA$b00$c20230924$lBLL01$h0633
=CFI  0\$aCurrent copyright fee: GBP19.00$c42\0$e01-jul-2018$fGBP19.00$g0$hP$5Uk
=FFP  \\$aY$bBLDSS-3PM
=FIN  \\$aY$d20141208
=FMT  \\$a  BK
=LAS  \\$aBATCH-CLA$b00$c20230924$lBLL01$h0633
=SID  \\$aZ39$bLOC
=TCO  \\$aDEU$bVG WORT$c008
=UNO  \\$aY

