=LDR  03962cam a2200913 i 4500
=001  016992800
=003  Uk
=005  20230924063306.0
=008  141001s2015\\\\ja\a\\\\\b\\\|0|0\0|eng\\
=010  \\$a  2014952900
=015  \\$aGBB507703$2bnb
=020  \\$a9784431552994
=020  \\$z9784431553007 (e-book)
=024  7\$z10.1007/9784431553007$2doi
=040  \\$aDLC$beng$cDLC$dDLC$dUk$erda
=042  \\$aukblsr
=082  04$a537.623$223
=245  00$aHigh temperature superconductivity :$bthe road to higher critical temperature /$cShin-ichi Uchida.
=264  \1$aTokyo, Japan :$bSpringer,$c[2015]
=300  \\$ax, 92 pages :$billustrations (black and white, and colour) ;$c25 cm.
=336  \\$atext$2rdacontent
=337  \\$aunmediated$2rdamedia
=338  \\$avolume$2rdacarrier
=490  0\$aSpringer series in materials science,$x0933-033X ;$vvolume 213
=504  \\$aIncludes bibliographical references.
=530  \\$aAlso issued online.
=540  \\$aCurrent copyright fee: GBP19.00$c42\0$5Uk
=650  \0$aHigh temperature superconductivity.
=650  \0$aSuperconductivity.
=700  1\$aUchida, Shin-ichi,$eeditor.
=852  41$aBritish Library$bSTI
=852  41$aBritish Library$bDSC$j8424.766600
=852  11$aBritish Library$bSTI$k(B)$h537.623
=856  \\$31850-9999$uhttp://link.springer.com/$xBLDSS
=856  41$3Table of contents only$uhttp://www.loc.gov/catdir/enhancements/fy1501/2014952900-t.html
=856  42$3Contributor biographical information$uhttp://www.loc.gov/catdir/enhancements/fy1501/2014952900-b.html
=856  42$3Publisher description$uhttp://www.loc.gov/catdir/enhancements/fy1501/2014952900-d.html
=ACF  \\$aPrevious copyright fee: GBP18.15$c42\0$e01-jul-2014$fGBP18.15$g0$hP$5Uk
=ACF  \\$aPrevious copyright fee: GBP19.32$c42\0$e01-apr-2015$fGBP19.32$g0$hP$5Uk
=ACF  \\$aPrevious copyright fee: GBP19.97$c42\0$e01-jul-2015$fGBP19.97$g0$hP$5Uk
=ACF  \\$aPrevious copyright fee: GBP19.32$c42\0$e01-oct-2015$fGBP19.32$g0$hP$5Uk
=ACF  \\$aPrevious copyright fee: GBP20.66$c42\0$e01-apr-2016$fGBP20.66$g0$hP$5Uk
=ACF  \\$aPrevious copyright fee: GBP22.19$c42\0$e01-oct-2016$fGBP22.19$g0$hP$5Uk
=ACF  \\$aPrevious copyright fee: GBP23.96$c42\0$e01-apr-2017$fGBP23.96$g0$hP$5Uk
=ACF  \\$aPrevious copyright fee: GBP23.04$c42\0$e01-oct-2017$fGBP23.04$g0$hP$5Uk
=CAT  \\$a7233$b40$c20141229$lBLL01$h1356
=CAT  \\$aBATCH-CLA$b00$c20150123$lBLL01$h0035
=CAT  \\$aBATCH-UPD$b00$c20150219$lBLL01$h1929
=CAT  \\$aBLDSS-3PM$b00$c20150223$lBLL01$h0858
=CAT  \\$aIPL-CLA$c20150331$lBLL01$h1731
=CAT  \\$aBATCH-UPD$b00$c20150520$lBLL01$h1925
=CAT  \\$aIPL-CLA$c20150630$lBLL01$h1724
=CAT  \\$aBATCH-UPD$b00$c20150820$lBLL01$h1107
=CAT  \\$aBATCH-UPD$b00$c20150820$lBLL01$h1955
=CAT  \\$aIPL-CLA$c20150930$lBLL01$h1854
=CAT  \\$aBATCH-UPD$b00$c20160217$lBLL01$h1854
=CAT  \\$aIPL-CLA$c20160331$lBLL01$h1818
=CAT  \\$aBATCH-UPD$b00$c20160524$lBLL01$h2256
=CAT  \\$aBATCH-UPD$b00$c20160525$lBLL01$h0631
=CAT  \\$aBATCH-UPD$b00$c20160824$lBLL01$h1912
=CAT  \\$aIPL-CLA$c20160930$lBLL01$h1643
=CAT  \\$aBATCH-UPD$b00$c20170216$lBLL01$h1956
=CAT  \\$aIPL-CLA$c20170331$lBLL01$h1922
=CAT  \\$aBATCH-UPD$b00$c20170904$lBLL01$h2025
=CAT  \\$aIPL-CLA$c20170929$lBLL01$h1807
=CAT  \\$aBATCH-UPD$b00$c20180223$lBLL01$h1923
=CAT  \\$aIPL-CLA$c20180331$lBLL01$h1711
=CAT  \\$aBATCH-UPD$b00$c20180524$lBLL01$h1806
=CAT  \\$aIPL-CLA$c20180630$lBLL01$h1942
=CAT  \\$aW2308-1659$c20230923$lBLL01$h1028
=CAT  \\$aBATCH-CLA$b00$c20230924$lBLL01$h0633
=CFI  0\$aCurrent copyright fee: GBP19.00$c42\0$e01-jul-2018$fGBP19.00$g0$hP$5Uk
=FFP  \\$aY$bBLDSS-3PM
=FIN  \\$aY$d20150116
=FMT  \\$a  BK
=LAS  \\$aBATCH-CLA$b00$c20230924$lBLL01$h0633
=SID  \\$aZ39$bLOC
=TCO  \\$aDEU$bVG WORT$c008
=UNO  \\$aY

