=LDR  04473cam a2200997 i 4500
=001  017027255
=003  Uk
=005  20230924063252.0
=008  141118s2015\\\\sz\a\\\\\b\\\\100\0\eng\\
=010  \\$a  2014957320
=015  \\$aGBB511420$2bnb
=020  \\$a9783319122373 (hardback)
=020  \\$z9783319122380 (eBook)
=020  \\$z331912238X (eBook)
=040  \\$aDLC$beng$cDLC$dDLC$dUk$erda
=042  \\$aukblsr
=082  04$a539.72$223
=111  2\$aIDPASC School$n(3rd :$d2013 :$cSantiago de Compostela, Spain)
=245  10$aLectures on particle physics, astrophysics and cosmology :$bproceedings of the Third IDPASC School, Santiago de Compostela, Spain, January 21-February 2, 2013 /$cCarlos Merino, editor.
=264  \1$aCham :$bSpringer,$c[2015]
=300  \\$axx, 480 pages :$billustrations (black and white, and colour) ;$c25 cm.
=336  \\$atext$btxt$2rdacontent
=337  \\$aunmediated$bn$2rdamedia
=338  \\$avolume$bnc$2rdacarrier
=490  0\$aSpringer proceedings in physics,$x0930-8989 ;$vvolume 161
=500  \\$a"ISSN 1867-4941 (electronic)" --Title page verso.
=504  \\$aIncludes bibliographical references.
=530  \\$aAlso issued online.
=540  \\$aCurrent copyright fee: GBP19.00$c42\0$5Uk
=591  \\$aPapers.
=650  \0$aParticles (Nuclear physics)$vCongresses.
=650  \0$aAstrophysics$vCongresses.
=650  \0$aCosmology$vCongresses.
=653  1\$aIDPASC
=700  1\$aMerino, Carlos$c(Physicist),$eeditor.
=852  41$aBritish Library$bSTI
=852  41$aBritish Library$bDSC$j8424.726500
=856  \\$31850-9999$uhttp://link.springer.com/$xBLDSS
=856  41$3Table of contents only$uhttp://www.loc.gov/catdir/enhancements/fy1504/2014957320-t.html
=856  42$3Publisher description$uhttp://www.loc.gov/catdir/enhancements/fy1504/2014957320-d.html
=945  \\$aSpringer proceedings in physics, ISSN 0930-8989 ; vol 161 2015
=ACF  \\$aPrevious copyright fee: GBP18.15$c42\0$e01-jul-2014$fGBP18.15$g0$hP$5Uk
=ACF  \\$aPrevious copyright fee: GBP19.32$c42\0$e01-apr-2015$fGBP19.32$g0$hP$5Uk
=ACF  \\$aPrevious copyright fee: GBP19.97$c42\0$e01-jul-2015$fGBP19.97$g0$hP$5Uk
=ACF  \\$aPrevious copyright fee: GBP19.32$c42\0$e01-oct-2015$fGBP19.32$g0$hP$5Uk
=ACF  \\$aPrevious copyright fee: GBP20.66$c42\0$e01-apr-2016$fGBP20.66$g0$hP$5Uk
=ACF  \\$aPrevious copyright fee: GBP22.19$c42\0$e01-oct-2016$fGBP22.19$g0$hP$5Uk
=ACF  \\$aPrevious copyright fee: GBP23.96$c42\0$e01-apr-2017$fGBP23.96$g0$hP$5Uk
=ACF  \\$aPrevious copyright fee: GBP23.04$c42\0$e01-oct-2017$fGBP23.04$g0$hP$5Uk
=CAT  \\$a7233$b40$c20150126$lBLL01$h1425
=CAT  \\$aBLDSS-3PM$b00$c20150223$lBLL01$h0858
=CAT  \\$aIPL-CLA$c20150331$lBLL01$h1731
=CAT  \\$aBATCH-UPD$b00$c20150405$lBLL01$h1850
=CAT  \\$aBATCH-UPD$b00$c20150414$lBLL01$h0915
=CAT  \\$aBATCH-UPD$b00$c20150520$lBLL01$h1926
=CAT  \\$aIPL-CLA$c20150630$lBLL01$h1724
=CAT  \\$aBATCH-UPD$b00$c20150820$lBLL01$h1956
=CAT  \\$aBATCH-UPD$b00$c20150821$lBLL01$h0446
=CAT  \\$aIPL-CLA$c20150930$lBLL01$h1854
=CAT  \\$aBATCH-UPD$b00$c20160113$lBLL01$h0941
=CAT  \\$aBATCH-UPD$b00$c20160114$lBLL01$h1115
=CAT  \\$aBATCH-UPD$b00$c20160217$lBLL01$h1854
=CAT  \\$aIPL-CLA$c20160331$lBLL01$h1818
=CAT  \\$aBATCH-UPD$b00$c20160524$lBLL01$h2256
=CAT  \\$aBATCH-UPD$b00$c20160525$lBLL01$h0633
=CAT  \\$aBATCH-UPD$b00$c20160824$lBLL01$h1912
=CAT  \\$aIPL-CLA$c20160930$lBLL01$h1643
=CAT  \\$aBATCH-UPD$b00$c20170216$lBLL01$h1956
=CAT  \\$aIPL-CLA$c20170331$lBLL01$h1922
=CAT  \\$aBATCH-UPD$b00$c20170904$lBLL01$h2025
=CAT  \\$aIPL-CLA$c20170929$lBLL01$h1807
=CAT  \\$aBATCH-UPD$b00$c20180223$lBLL01$h1923
=CAT  \\$aIPL-CLA$c20180331$lBLL01$h1711
=CAT  \\$aBATCH-UPD$b00$c20180524$lBLL01$h1806
=CAT  \\$aIPL-CLA$c20180630$lBLL01$h1942
=CAT  \\$aW2308-1659$c20230923$lBLL01$h1029
=CAT  \\$aBATCH-CLA$b00$c20230924$lBLL01$h0632
=CFI  0\$aCurrent copyright fee: GBP19.00$c42\0$e01-jul-2018$fGBP19.00$g0$hP$5Uk
=CNF  \\$aInternational Doctorate Network in Particle Physics, Astrophysics and Cosmology School$n(3rd :$d2013 Jan :$cSantiago de Compostela, Spain)
=FFP  \\$aY$bBLDSS-3PM
=FIN  \\$aY$d20150130
=FMT  \\$a  BK
=LAS  \\$aBATCH-CLA$b00$c20230924$lBLL01$h0632
=SID  \\$aZ39$bLOC
=TCO  \\$aDEU$bVG WORT$c008
=UNO  \\$aY

