=LDR  03656cam a2200865 i 4500
=001  017082992
=003  Uk
=005  20230924063259.0
=008  141125s2015\\\\sz\a\\\\\b\\\\001\0\eng\\
=010  \\$a  2014957868
=015  \\$aGBB532669$2bnb
=020  \\$a9783319137964 (hardback)
=020  \\$z9783319137971 (e-book)
=040  \\$aDLC$beng$cDLC$dDLC$dUk$erda
=042  \\$aukblsr
=082  04$a515.353$223
=100  1\$aBartels, Sören,$eauthor.
=245  10$aNumerical methods for nonlinear partial differential equations /$cSören Bartels.
=264  \1$aCham :$bSpringer,$c[2015]
=300  \\$ax, 393 pages :$billustrations (black and white) ;$c25 cm.
=336  \\$atext$btxt$2rdacontent
=337  \\$aunmediated$bn$2rdamedia
=338  \\$avolume$bnc$2rdacarrier
=490  0\$aSpringer series in computational mathematics,$x0179-3632 ;$v47
=504  \\$aIncludes bibliographical references and index.
=540  \\$aCurrent copyright fee: GBP19.00$c42\0$5Uk
=650  \0$aDifferential equations, Partial$xNumerical solutions.
=650  \0$aDifferential equations, Nonlinear.
=650  \0$aNumerical analysis.
=852  41$aBritish Library$bSTI
=852  41$aBritish Library$bDSC$j8424.755800
=852  11$aBritish Library$bSTI$k(B)$h515.353
=856  \\$31850-9999$uhttp://link.springer.com/$xBLDSS
=856  41$3Table of contents only$uhttp://www.loc.gov/catdir/enhancements/fy1504/2014957868-t.html
=856  42$3Publisher description$uhttp://www.loc.gov/catdir/enhancements/fy1504/2014957868-d.html
=ACF  \\$aPrevious copyright fee: GBP19.97$c42\0$e01-jul-2015$fGBP19.97$g0$hP$5Uk
=ACF  \\$aPrevious copyright fee: GBP19.32$c42\0$e01-oct-2015$fGBP19.32$g0$hP$5Uk
=ACF  \\$aPrevious copyright fee: GBP20.66$c42\0$e01-apr-2016$fGBP20.66$g0$hP$5Uk
=ACF  \\$aPrevious copyright fee: GBP22.19$c42\0$e01-oct-2016$fGBP22.19$g0$hP$5Uk
=ACF  \\$aPrevious copyright fee: GBP23.96$c42\0$e01-apr-2017$fGBP23.96$g0$hP$5Uk
=ACF  \\$aPrevious copyright fee: GBP23.04$c42\0$e01-oct-2017$fGBP23.04$g0$hP$5Uk
=CAT  \\$a6098$b40$c20150225$lBLL01$h0900
=CAT  \\$aIPL-CLA$c20150331$lBLL01$h1731
=CAT  \\$aBATCH-UPD$b00$c20150520$lBLL01$h1926
=CAT  \\$aBATCH-CLA$b00$c20150521$lBLL01$h0223
=CAT  \\$aIPL-CLA$c20150630$lBLL01$h1724
=CAT  \\$aBATCH-UPD$b00$c20150820$lBLL01$h1956
=CAT  \\$aBATCH-UPD$b00$c20150821$lBLL01$h0447
=CAT  \\$aBLDSS-3PM$b00$c20150924$lBLL01$h1846
=CAT  \\$aBATCH-CLA$b00$c20150925$lBLL01$h0128
=CAT  \\$aIPL-CLA$c20150930$lBLL01$h1855
=CAT  \\$aBATCH-UPD$b00$c20160217$lBLL01$h1854
=CAT  \\$aIPL-CLA$c20160331$lBLL01$h1818
=CAT  \\$aBATCH-UPD$b00$c20160519$lBLL01$h1449
=CAT  \\$aBATCH-UPD$b00$c20160524$lBLL01$h2256
=CAT  \\$aBATCH-UPD$b00$c20160824$lBLL01$h1912
=CAT  \\$aIPL-CLA$c20160930$lBLL01$h1643
=CAT  \\$aBATCH-UPD$b00$c20170216$lBLL01$h1956
=CAT  \\$aIPL-CLA$c20170331$lBLL01$h1922
=CAT  \\$aBATCH-UPD$b00$c20170904$lBLL01$h2025
=CAT  \\$aIPL-CLA$c20170929$lBLL01$h1807
=CAT  \\$aBATCH-UPD$b00$c20180223$lBLL01$h1923
=CAT  \\$aIPL-CLA$c20180331$lBLL01$h1711
=CAT  \\$aBATCH-UPD$b00$c20180524$lBLL01$h1806
=CAT  \\$aIPL-CLA$c20180630$lBLL01$h1942
=CAT  \\$aW2308-1659$c20230923$lBLL01$h1029
=CAT  \\$aBATCH-CLA$b00$c20230924$lBLL01$h0632
=CFI  0\$aCurrent copyright fee: GBP19.00$c42\0$e01-jul-2018$fGBP19.00$g0$hP$5Uk
=FFP  \\$aY$bBLDSS-3PM
=FIN  \\$aY$d20150306
=FMT  \\$a  BK
=LAS  \\$aBATCH-CLA$b00$c20230924$lBLL01$h0632
=SID  \\$aZ39$bLOC
=TCO  \\$aDEU$bVG WORT$c008
=UNO  \\$aY

