=LDR  03811cam a22009135i 4500
=001  017169018
=003  Uk
=005  20230924063727.0
=008  150217s2015\\\\sz\a\\\\\b\\\|0|1\0|eng\\
=010  \\$a  2015933617
=015  \\$aGBB560896$2bnb
=020  \\$a9783319164946 (hardback)
=020  \\$z9783319164953 (eBook)
=024  7\$a10.1007/978-3-319-16495-3$2doi
=035  \\$a(DLC)18494969
=035  \\$a(DLC)2015933617
=040  \\$aDLC$beng$cDLC$dDLC$dUk$erda
=042  \\$aukblsr
=082  04$a624.17723$223
=100  1\$aEugster, Simon R.,$eauthor.
=245  10$aGeometric continuum mechanics and induced beam theories /$cSimon R. Eugster.
=264  \1$aCham :$bSpringer,$c[2015]
=300  \\$aix, 146 pages :$billustrations (black and white) ;$c25 cm.
=336  \\$atext$2rdacontent
=337  \\$aunmediated$2rdamedia
=338  \\$avolume$2rdacarrier
=490  0\$aLecture notes in applied and computational mechanics,$x1613-7736 ;$vvolume 75
=500  \\$a"ISSN 1860-0816 (electronic)"--Title page verso.
=504  \\$aIncludes bibliographical references and index.
=530  \\$aAlso published electronically.
=540  \\$aCurrent copyright fee: GBP19.00$c42\0$5Uk
=650  \0$aGirders$xMathematical models.
=650  \0$aContinuum mechanics.
=852  41$aBritish Library$bDSC$j5180.183300
=852  41$aBritish Library$bSTI
=852  11$aBritish Library$bSTI$k(B)$h624.17723
=856  \\$31850-9999$uhttp://link.springer.com/$xBLDSS
=856  41$3Table of contents only$uhttp://www.loc.gov/catdir/enhancements/fy1508/2015933617-t.html
=856  42$3Publisher description$uhttp://www.loc.gov/catdir/enhancements/fy1508/2015933617-d.html
=ACF  \\$aPrevious copyright fee: GBP19.97$c42\0$e01-jul-2015$fGBP19.97$g0$hP$5Uk
=ACF  \\$aPrevious copyright fee: GBP19.32$c42\0$e01-oct-2015$fGBP19.32$g0$hP$5Uk
=ACF  \\$aPrevious copyright fee: GBP20.66$c42\0$e01-apr-2016$fGBP20.66$g0$hP$5Uk
=ACF  \\$aPrevious copyright fee: GBP22.19$c42\0$e01-oct-2016$fGBP22.19$g0$hP$5Uk
=ACF  \\$aPrevious copyright fee: GBP23.96$c42\0$e01-apr-2017$fGBP23.96$g0$hP$5Uk
=ACF  \\$aPrevious copyright fee: GBP23.04$c42\0$e01-oct-2017$fGBP23.04$g0$hP$5Uk
=CAT  \\$a6098$b40$c20150423$lBLL01$h0904
=CAT  \\$aBATCH-CLA$b00$c20150512$lBLL01$h0041
=CAT  \\$aBATCH-UPD$b00$c20150520$lBLL01$h1926
=CAT  \\$aBATCH-CLA$b00$c20150521$lBLL01$h0223
=CAT  \\$aIPL-CLA$c20150630$lBLL01$h1725
=CAT  \\$aBATCH-UPD$b00$c20150820$lBLL01$h1956
=CAT  \\$aBATCH-UPD$b00$c20150821$lBLL01$h0448
=CAT  \\$aBLDSS-3PM$b00$c20150924$lBLL01$h1846
=CAT  \\$aBATCH-CLA$b00$c20150925$lBLL01$h0128
=CAT  \\$aIPL-CLA$c20150930$lBLL01$h1855
=CAT  \\$aBATCH-UPD$b00$c20160217$lBLL01$h1854
=CAT  \\$aIPL-CLA$c20160331$lBLL01$h1819
=CAT  \\$aBATCH-UPD$b00$c20160524$lBLL01$h2256
=CAT  \\$aBATCH-UPD$b00$c20160525$lBLL01$h0635
=CAT  \\$aBATCH-UPD$b00$c20160824$lBLL01$h1912
=CAT  \\$aIPL-CLA$c20160930$lBLL01$h1643
=CAT  \\$aBATCH-UPD$b00$c20170216$lBLL01$h1956
=CAT  \\$aIPL-CLA$c20170331$lBLL01$h1923
=CAT  \\$aBATCH-UPD$b00$c20170904$lBLL01$h2025
=CAT  \\$aIPL-CLA$c20170929$lBLL01$h1808
=CAT  \\$aBATCH-UPD$b00$c20180223$lBLL01$h1924
=CAT  \\$aIPL-CLA$c20180331$lBLL01$h1712
=CAT  \\$aBATCH-UPD$b00$c20180524$lBLL01$h1806
=CAT  \\$aIPL-CLA$c20180630$lBLL01$h1942
=CAT  \\$aW2308-1659$c20230923$lBLL01$h1030
=CAT  \\$aBATCH-CLA$b00$c20230924$lBLL01$h0637
=CFI  0\$aCurrent copyright fee: GBP19.00$c42\0$e01-jul-2018$fGBP19.00$g0$hP$5Uk
=FFP  \\$aY$bBLDSS-3PM
=FIN  \\$aY$d20150511
=FMT  \\$a  BK
=LAS  \\$aBATCH-CLA$b00$c20230924$lBLL01$h0637
=SID  \\$aZ39$bLOC
=TCO  \\$aDEU$bVG WORT$c008
=UNO  \\$aY

