=LDR  04036cam a22009377a 4500
=001  015778011
=003  Uk
=005  20220930160839.0
=008  110303s2010\\\\xxua\\\\\b\\\\101\0\eng\d
=010  \\$a2010915716
=020  \\$a9780735408234
=020  \\$a0735408238
=035  \\$a(OCoLC)699495466
=040  \\$aCAI$cCAI$dDLC$dUK
=042  \\$aukblderived
=050  00$aQB843.W5$bE95 2010
=111  2\$aEuropean Workshop on White Dwarfs$n(17th :$d2010 :$cTübingen, Germany)
=245  10$a17th European White Dwarf Workshop :$bTübingen, Germany, 16-20 August 2010 /$ceditors, Klaus Werner, Thomas Rauch.
=246  3\$aSeventeenth European Workshop on White Dwarfs
=260  \\$aMelville, N.Y. :$bAmerican Institute of Physics,$c2010.
=300  \\$axiv, 614 p. :$bill. ;$c24 cm.
=336  \\$atext$2rdacontent
=337  \\$aunmediated$2rdamedia
=338  \\$avolume$2rdacarrier
=490  0\$aAIP conference proceedings,$x0094-243X ;$vv. 1273
=504  \\$aIncludes bibliographical references and index.
=540  \\$aCurrent copyright fee: GBP29.17$c7\0$5Uk
=591  \\$aPapers.
=650  \0$aWhite dwarf stars$vCongresses.
=650  \0$aAstronomy$vCongresses.
=700  1\$aWerner, Klaus,$d1957-
=700  1\$aRauch, Thomas.
=852  41$aBritish Library$bSTI
=852  41$aBritish Library$bDSC$j0773.430000
=856  \\$31850-9999$uhttp://www.aip.org$xBLDSS
=856  42$3Publisher description$uhttp://catdir.loc.gov/catdir/enhancements/fy1108/2010915716-d.html
=945  \\$aAIP conference proceedings, ISSN 0094-243X ; vol 1273 2010
=ACF  \\$aPrevious copyright fee: GBP18.18$c7\0$e01-jul-2012$fGBP18.18$g0$hP$5Uk
=ACF  \\$aPrevious copyright fee: GBP18.75$c7\0$e01-jan-2013$fGBP18.75$g0$hP$5Uk
=ACF  \\$aPrevious copyright fee: GBP19.35$c7\0$e01-jul-2013$fGBP19.35$g0$hP$5Uk
=ACF  \\$aPrevious copyright fee: GBP19.35$c7\0$e08-feb-2016$fGBP19.35$g0$hP$5Uk
=ACF  \\$aPrevious copyright fee: GBP20.69$c7\0$e01-apr-2016$fGBP20.69$g0$hP$5Uk
=ACF  \\$aPrevious copyright fee: GBP22.22$c7\0$e01-oct-2016$fGBP22.22$g0$hP$5Uk
=ACF  \\$aPrevious copyright fee: GBP24.00$c7\0$e01-apr-2017$fGBP24.00$g0$hP$5Uk
=ACF  \\$aPrevious copyright fee: GBP28.00$c7\0$e01-oct-2020$fGBP28.00$g0$hP$5Uk
=CAT  \\$a7164$b40$c20110323$lBLL01$h1529
=CAT  \\$aBATCH-CLA$b00$c20200220$lBLL01$h0512
=CAT  \\$aIPL-CLA$c20200331$lBLL01$h1626
=CAT  \\$aBATCH-UPD$b00$c20200522$lBLL01$h1542
=CAT  \\$aBATCH-CLA$b00$c20200523$lBLL01$h0507
=CAT  \\$aBATCH-CLA$b00$c20200523$lBLL01$h0537
=CAT  \\$aIPL-CLA$c20200701$lBLL01$h0110
=CAT  \\$aBATCH-UPD$b00$c20200820$lBLL01$h1758
=CAT  \\$aBATCH-CLA$b00$c20200821$lBLL01$h0111
=CAT  \\$aBATCH-CLA$b00$c20200821$lBLL01$h0112
=CAT  \\$aIPL-CLA$c20200930$lBLL01$h1645
=CAT  \\$aBATCH-UPD$b00$c20210226$lBLL01$h1124
=CAT  \\$aBATCH-CLA$b00$c20210227$lBLL01$h0457
=CAT  \\$aBATCH-CLA$b00$c20210227$lBLL01$h0527
=CAT  \\$aIPL-CLA$c20210331$lBLL01$h1857
=CAT  \\$aBATCH-UPD$b00$c20210707$lBLL01$h1648
=CAT  \\$aIPL-CLA$c20210707$lBLL01$h2001
=CAT  \\$aBATCH-CLA$b00$c20210708$lBLL01$h0429
=CAT  \\$aBATCH-UPD$b00$c20220520$lBLL01$h1733
=CAT  \\$aBATCH-CLA$b00$c20220521$lBLL01$h0433
=CAT  \\$aBATCH-CLA$b00$c20220521$lBLL01$h0501
=CAT  \\$aIPL-CLA$c20220630$lBLL01$h1721
=CAT  \\$aBATCH-UPD$b00$c20220824$lBLL01$h0950
=CAT  \\$aBATCH-CLA$b00$c20220825$lBLL01$h0447
=CAT  \\$aBATCH-CLA$b00$c20220825$lBLL01$h0509
=CAT  \\$aIPL-CLA$c20220930$lBLL01$h1608
=CFI  0\$aCurrent copyright fee: GBP29.17$c7\0$e01-oct-2022$fGBP29.17$g0$hP$5Uk
=CFI  2\$aPrevious copyright fee: GBP28.00$c7\0$e01-jul-2022$fGBP28.00$g0$hP$5Uk
=CNF  \\$aEuropean White Dwarf Workshop$d(2010 Aug :$cTübingen, Germany)
=FFP  \\$aY$bBLDSS-3PM
=FIN  \\$aY$d20110330
=FMT  \\$a  BK
=LAS  \\$aIPL-CLA$b00$c20220930$lBLL01$h1608
=SID  \\$aZ39$bOCLC
=TCO  \\$aTRS$bCCC$c008
=UNO  \\$aY

