=LDR  04352cam a22009377a 4500
=001  015805861
=003  Uk
=005  20220930160850.0
=008  110301s2010\\\\nyua\\\\\b\\\\101\0\eng\\
=010  \\$a2010917220
=020  \\$a9780735408746
=035  \\$a(OCoLC)ocn701484827
=040  \\$aCAI$cCAI$dYDXCP$dDLC$dUk
=111  2\$aMexican Meeting on Mathematical and Experimental Physics$n(4th :$d2010 :$cMexico City, Mexico)
=245  10$aCondensed matter physics :$bIV Mexican Meeting on Mathematical and Experimental Physics : symposium on condensed matter physics, El Colegio Nacional, México, 19-23 July 2010 /$ceditors, Moisés Martínez-Mares, José A. Moreno-Razo.
=246  30$aIV Mexican Meeting on Mathematical and Experimental Physics
=246  3\$a4th Mexican Meeting on Mathematical and Experimental Physics
=246  3\$aFourth Mexican Meeting on Mathematical and Experiemental Physics
=260  \\$aMelville, N.Y. :$bAmerican Institute of Physics,$c2010.
=300  \\$axx, 177 p. :$bill. ;$c26 cm.
=336  \\$atext$2rdacontent
=337  \\$aunmediated$2rdamedia
=338  \\$avolume$2rdacarrier
=490  0\$aAIP conference proceedings,$x0094-243X ;$v1319
=504  \\$aIncludes bibliographical references and index.
=540  \\$aCurrent copyright fee: GBP29.17$c7\0$5Uk
=591  \\$aSelected papers.
=650  \0$aCondensed matter$vCongresses.
=653  1\$aCondensed matter physics
=700  1\$aMartínez-Mares, Moisés.
=700  1\$aMoreno-Razo, José A.
=710  2\$aAmerican Institute of Physics.
=852  41$aBritish Library$bSTI
=852  41$aBritish Library$bDSC$j0773.430000
=856  \\$31850-9999$uhttp://www.aip.org$xBLDSS
=856  42$3Publisher description$uhttp://www.loc.gov/catdir/enhancements/fy1108/2010917220-d.html
=945  \\$aAIP conference proceedings ; vol 1319 2010
=ACF  \\$aPrevious copyright fee: GBP18.18$c7\0$e01-jul-2012$fGBP18.18$g0$hP$5Uk
=ACF  \\$aPrevious copyright fee: GBP18.75$c7\0$e01-jan-2013$fGBP18.75$g0$hP$5Uk
=ACF  \\$aPrevious copyright fee: GBP19.35$c7\0$e01-jul-2013$fGBP19.35$g0$hP$5Uk
=ACF  \\$aPrevious copyright fee: GBP19.35$c7\0$e08-feb-2016$fGBP19.35$g0$hP$5Uk
=ACF  \\$aPrevious copyright fee: GBP20.69$c7\0$e01-apr-2016$fGBP20.69$g0$hP$5Uk
=ACF  \\$aPrevious copyright fee: GBP22.22$c7\0$e01-oct-2016$fGBP22.22$g0$hP$5Uk
=ACF  \\$aPrevious copyright fee: GBP24.00$c7\0$e01-apr-2017$fGBP24.00$g0$hP$5Uk
=ACF  \\$aPrevious copyright fee: GBP28.00$c7\0$e01-oct-2020$fGBP28.00$g0$hP$5Uk
=CAT  \\$a7233$b40$c20110511$lBLL01$h1318
=CAT  \\$aBATCH-CLA$b00$c20200220$lBLL01$h0512
=CAT  \\$aIPL-CLA$c20200331$lBLL01$h1626
=CAT  \\$aBATCH-UPD$b00$c20200522$lBLL01$h1542
=CAT  \\$aBATCH-CLA$b00$c20200523$lBLL01$h0507
=CAT  \\$aBATCH-CLA$b00$c20200523$lBLL01$h0537
=CAT  \\$aIPL-CLA$c20200701$lBLL01$h0111
=CAT  \\$aBATCH-UPD$b00$c20200820$lBLL01$h1758
=CAT  \\$aBATCH-CLA$b00$c20200821$lBLL01$h0111
=CAT  \\$aBATCH-CLA$b00$c20200821$lBLL01$h0112
=CAT  \\$aIPL-CLA$c20200930$lBLL01$h1645
=CAT  \\$aBATCH-UPD$b00$c20210226$lBLL01$h1124
=CAT  \\$aBATCH-CLA$b00$c20210227$lBLL01$h0457
=CAT  \\$aBATCH-CLA$b00$c20210227$lBLL01$h0527
=CAT  \\$aIPL-CLA$c20210331$lBLL01$h1858
=CAT  \\$aBATCH-UPD$b00$c20210707$lBLL01$h1648
=CAT  \\$aIPL-CLA$c20210707$lBLL01$h2002
=CAT  \\$aBATCH-CLA$b00$c20210708$lBLL01$h0429
=CAT  \\$aBATCH-UPD$b00$c20220520$lBLL01$h1733
=CAT  \\$aBATCH-CLA$b00$c20220521$lBLL01$h0433
=CAT  \\$aBATCH-CLA$b00$c20220521$lBLL01$h0501
=CAT  \\$aIPL-CLA$c20220630$lBLL01$h1722
=CAT  \\$aBATCH-UPD$b00$c20220824$lBLL01$h0950
=CAT  \\$aBATCH-CLA$b00$c20220825$lBLL01$h0447
=CAT  \\$aBATCH-CLA$b00$c20220825$lBLL01$h0509
=CAT  \\$aIPL-CLA$c20220930$lBLL01$h1608
=CFI  0\$aCurrent copyright fee: GBP29.17$c7\0$e01-oct-2022$fGBP29.17$g0$hP$5Uk
=CFI  2\$aPrevious copyright fee: GBP28.00$c7\0$e01-jul-2022$fGBP28.00$g0$hP$5Uk
=CNF  \\$aMexican Meeting on Mathematical and Experimental Physics$n(4th :$d2010 Jul :$cMexico City, Mexico)
=FFP  \\$aY$bBLDSS-3PM
=FIN  \\$aY$d20110608
=FMT  \\$a  BK
=LAS  \\$aIPL-CLA$b00$c20220930$lBLL01$h1608
=SID  \\$aZ39$bLOC
=TCO  \\$aTRS$bCCC$c008
=UNO  \\$aY

