=LDR  04178cam a22009977a 4500
=001  015975801
=003  Uk
=005  20220930160941.0
=008  110915s2011\\\\nyua\\\\\b\\\\101\0\eng\d
=010  \\$a  2011288108
=020  \\$a9780735409125 (pbk.)
=020  \\$a0735409129 (pbk.)
=035  \\$a(OCoLC)ocn750557302
=040  \\$aCAI$cCAI$dDLC$dUk
=042  \\$aukblcatcopy
=050  00$aQC793.3.Q35$bT76 2010
=082  04$a530.12$223$qUK-WkNB
=111  2\$aT(r)opical QCD 2010$d(2010 :$cCairns, Qld.)
=245  10$aT(r)opical QCD 2010 :$bCairns, Queensland, 26 September-1 October 2010 /$ceditors, A. Kızılersü, A.W. Thomas.
=246  3\$aTropical QCD 2010
=246  3\$aTopical QCD 2010
=246  14$aT(r)opical QCD II workshop 2010
=260  \\$aMelville, N.Y. :$bAmerican Institute of Physics,$c2011.
=300  \\$ax, 236 p. :$bill. ;$c24 cm.
=336  \\$atext$2rdacontent
=337  \\$aunmediated$2rdamedia
=338  \\$avolume$2rdacarrier
=490  1\$aAIP conference proceedings,$x0094-243X ;$v1354
=504  \\$aIncludes bibliographical references and index.
=540  \\$aCurrent copyright fee: GBP29.17$c7\0$5Uk
=591  \\$aPapers.
=650  \0$aQuantum chromodynamics$vCongresses.
=653  1\$aQCD
=653  1\$aTropical QCD
=700  1\$aKızılersü, Ayşe.
=700  1\$aThomas, A. W.$q(Anthony William),$d1949-
=830  \0$aAIP conference proceedings ;$vno. 1354.
=852  41$aBritish Library$bSTI
=852  41$aBritish Library$bDSC$j0773.430000
=856  \\$31850-9999$uhttp://www.aip.org$xBLDSS
=856  42$3Publisher description$uhttp://www.loc.gov/catdir/enhancements/fy1117/2011288108-d.html
=945  \\$aAIP conference proceedings, ISSN 0094-243X ; [no] 1354 2011
=985  \\$aCorrected by MS generated file for WR# 13.051
=ACF  \\$aPrevious copyright fee: GBP18.75$c7\0$e01-jan-2013$fGBP18.75$g0$hP$5Uk
=ACF  \\$aPrevious copyright fee: GBP19.35$c7\0$e01-jul-2013$fGBP19.35$g0$hP$5Uk
=ACF  \\$aPrevious copyright fee: GBP19.35$c7\0$e08-feb-2016$fGBP19.35$g0$hP$5Uk
=ACF  \\$aPrevious copyright fee: GBP20.69$c7\0$e01-apr-2016$fGBP20.69$g0$hP$5Uk
=ACF  \\$aPrevious copyright fee: GBP22.22$c7\0$e01-oct-2016$fGBP22.22$g0$hP$5Uk
=ACF  \\$aPrevious copyright fee: GBP24.00$c7\0$e01-apr-2017$fGBP24.00$g0$hP$5Uk
=ACF  \\$aPrevious copyright fee: GBP28.00$c7\0$e01-oct-2020$fGBP28.00$g0$hP$5Uk
=CAT  \\$a7164$b40$c20111124$lBLL01$h1056
=CAT  \\$aBATCH-CLA$b00$c20200220$lBLL01$h0512
=CAT  \\$aIPL-CLA$c20200331$lBLL01$h1627
=CAT  \\$aBATCH-UPD$b00$c20200522$lBLL01$h1543
=CAT  \\$aBATCH-CLA$b00$c20200523$lBLL01$h0507
=CAT  \\$aBATCH-CLA$b00$c20200523$lBLL01$h0537
=CAT  \\$aIPL-CLA$c20200701$lBLL01$h0112
=CAT  \\$aBATCH-UPD$b00$c20200820$lBLL01$h1758
=CAT  \\$aBATCH-CLA$b00$c20200821$lBLL01$h0111
=CAT  \\$aBATCH-CLA$b00$c20200821$lBLL01$h0112
=CAT  \\$aIPL-CLA$c20200930$lBLL01$h1646
=CAT  \\$aBATCH-UPD$b00$c20210226$lBLL01$h1124
=CAT  \\$aBATCH-CLA$b00$c20210227$lBLL01$h0457
=CAT  \\$aBATCH-CLA$b00$c20210227$lBLL01$h0527
=CAT  \\$aIPL-CLA$c20210331$lBLL01$h1859
=CAT  \\$aBATCH-UPD$b00$c20210707$lBLL01$h1648
=CAT  \\$aIPL-CLA$c20210707$lBLL01$h2002
=CAT  \\$aBATCH-CLA$b00$c20210708$lBLL01$h0429
=CAT  \\$aBATCH-UPD$b00$c20220520$lBLL01$h1733
=CAT  \\$aBATCH-CLA$b00$c20220521$lBLL01$h0433
=CAT  \\$aBATCH-CLA$b00$c20220521$lBLL01$h0502
=CAT  \\$aIPL-CLA$c20220630$lBLL01$h1722
=CAT  \\$aBATCH-UPD$b00$c20220824$lBLL01$h0950
=CAT  \\$aBATCH-CLA$b00$c20220825$lBLL01$h0447
=CAT  \\$aBATCH-CLA$b00$c20220825$lBLL01$h0509
=CAT  \\$aIPL-CLA$c20220930$lBLL01$h1609
=CFI  0\$aCurrent copyright fee: GBP29.17$c7\0$e01-oct-2022$fGBP29.17$g0$hP$5Uk
=CFI  2\$aPrevious copyright fee: GBP28.00$c7\0$e01-jul-2022$fGBP28.00$g0$hP$5Uk
=CNF  \\$aT(r)opical QCD (Workshop)$n(2nd :$d2010 Sep :$cCairns, Australia)
=FFP  \\$aY$bBLDSS-3PM
=FIN  \\$aY$d20111124
=FMT  \\$a  BK
=LAS  \\$aIPL-CLA$b00$c20220930$lBLL01$h1609
=SRC  \\$aBLL02
=TCO  \\$aTRS$bCCC$c008
=UNO  \\$aY

