=LDR  03940 am a2200925 a 4500
=001  016102061
=003  Uk
=005  20130112104527.0
=008  120228s2012\\\\nyua\\\\\b\\\\001\0\eng\\
=010  \\$a  2012001740
=015  \\$aGBB257997$2bnb
=016  7\$a016102061$2Uk
=020  \\$a9780521768252 (hardback)
=040  \\$aDLC$cDLC$dDLC$dUk
=042  \\$aukblcatcopy
=050  00$aQA564$b.C866 2012
=082  00$a516.35$223
=084  \\$aMAT038000$2bisacsh
=245  00$aCurrent developments in algebraic geometry /$c[edited by] Lucia Caporaso ... [et al.].
=260  \\$aCambridge ;$aNew York :$bCambridge University Press,$c2012.
=300  \\$axi, 426 p. :$bill. ;$c24 cm.
=336  \\$atext$2rdacontent
=337  \\$aunmediated$2rdamedia
=338  \\$avolume$2rdacarrier
=490  0\$aMathematical sciences research institute publications ;$v59
=504  \\$aIncludes bibliographical references and index.
=540  \\$aCurrent copyright fee: GBP19.00$c42\0$5Uk
=650  \0$aGeometry, Algebraic.
=650  \7$aMATHEMATICS / Topology.$2bisacsh
=700  1\$aCaporaso, Lucia.
=852  41$aBritish Library$bSTI
=852  41$aBritish Library$bDSC$j7095.175000
=852  11$aBritish Library$bSTI$k(B)$h516.35$i59
=856  \\$31850-9999$uhttp://www.springer.com/gb/$xBLDSS
=856  42$3Cover image$uhttp://assets.cambridge.org/97805217/68252/cover/9780521768252.jpg
=ACF  \\$aPrevious copyright fee: GBP18.72$c42\0$e01-jan-2013$fGBP18.72$g0$hP$5Uk
=ACF  \\$aPrevious copyright fee: GBP19.32$c42\0$e01-jul-2013$fGBP19.32$g0$hP$5Uk
=ACF  \\$aPrevious copyright fee: GBP18.72$c42\0$e01-jan-2014$fGBP18.72$g0$hP$5Uk
=ACF  \\$aPrevious copyright fee: GBP18.15$c42\0$e01-jul-2014$fGBP18.15$g0$hP$5Uk
=ACF  \\$aPrevious copyright fee: GBP19.32$c42\0$e01-apr-2015$fGBP19.32$g0$hP$5Uk
=ACF  \\$aPrevious copyright fee: GBP19.97$c42\0$e01-jul-2015$fGBP19.97$g0$hP$5Uk
=ACF  \\$aPrevious copyright fee: GBP20.66$c42\0$e01-apr-2016$fGBP20.66$g0$hP$5Uk
=ACF  \\$aPrevious copyright fee: GBP22.19$c42\0$e01-oct-2016$fGBP22.19$g0$hP$5Uk
=ACF  \\$aPrevious copyright fee: GBP23.96$c42\0$e01-apr-2017$fGBP23.96$g0$hP$5Uk
=ACF  \\$aPrevious copyright fee: GBP23.04$c42\0$e01-oct-2017$fGBP23.04$g0$hP$5Uk
=CAT  \\$a6923$b40$c20120612$lBLL01$h0918
=CAT  \\$aBATCH-CLA$c20140528$lBLL01$h1813
=CAT  \\$aIPL-CLA$c20140630$lBLL01$h1756
=CAT  \\$aBLDSS-3PM$b00$c20150102$lBLL01$h1735
=CAT  \\$aBATCH-UPD$b00$c20150219$lBLL01$h1923
=CAT  \\$aIPL-CLA$c20150331$lBLL01$h1719
=CAT  \\$aBATCH-UPD$b00$c20150520$lBLL01$h1922
=CAT  \\$aIPL-CLA$c20150630$lBLL01$h1717
=CAT  \\$aBATCH-UPD$b00$c20150820$lBLL01$h1952
=CAT  \\$aIPL-CLA$c20150930$lBLL01$h1845
=CAT  \\$aBATCH-UPD$b00$c20160217$lBLL01$h1850
=CAT  \\$aIPL-CLA$c20160331$lBLL01$h1808
=CAT  \\$aBATCH-UPD$b00$c20160524$lBLL01$h2252
=CAT  \\$aBATCH-UPD$b00$c20160525$lBLL01$h0559
=CAT  \\$aWR16_021$c20160705$lBLL01$h1804
=CAT  \\$aBATCH-CLA$b00$c20160706$lBLL01$h0138
=CAT  \\$aBATCH-UPD$b00$c20160824$lBLL01$h1908
=CAT  \\$aIPL-CLA$c20160930$lBLL01$h1636
=CAT  \\$aBATCH-UPD$b00$c20170216$lBLL01$h1953
=CAT  \\$aIPL-CLA$c20170331$lBLL01$h1913
=CAT  \\$aBATCH-UPD$b00$c20170904$lBLL01$h2021
=CAT  \\$aIPL-CLA$c20170929$lBLL01$h1759
=CAT  \\$aBATCH-UPD$b00$c20180223$lBLL01$h1918
=CAT  \\$aIPL-CLA$c20180331$lBLL01$h1700
=CAT  \\$aBATCH-UPD$b00$c20180524$lBLL01$h1804
=CAT  \\$aIPL-CLA$c20180630$lBLL01$h1936
=CFI  0\$aCurrent copyright fee: GBP19.00$c42\0$e01-jul-2018$fGBP19.00$g0$hP$5Uk
=CFI  2\$aPrevious copyright fee: GBP21.39$c42\0$e01-apr-2018$fGBP21.39$g0$hP$5Uk
=FFP  \\$aY$bBLDSS-3PM
=FIN  \\$aY$d20120613
=FMT  \\$a  BK
=LAS  \\$aIPL-CLA$b00$c20180630$lBLL01$h1936
=SRC  \\$aBLL02
=TCO  \\$aDEU$bVG WORT$c008
=UNO  \\$aY

