=LDR  04322cam a2200997 a 4500
=001  016174479
=003  Uk
=005  20121120160547.0
=008  120905s2013\\\\gw\a\\\\\b\\\|000\0|eng\d
=010  \\$a2012943957
=015  \\$aGBB298554$2bnb
=020  \\$a9783642303302 (cased)
=020  \\$a3642303307 (cased)
=020  \\$z9783642303319 (e-book)
=035  \\$a(OCoLC)809195144
=040  \\$aVDB$cVDB$dVDB$dYDXCP$dOCLCO$dOHX$dUk
=042  \\$aukblsr
=072  \7$aRC$2lcco
=082  04$a616.994347$223
=245  00$aProspects for chemoprevention of colorectal neoplasia :$bemerging role of anti-inflammatory drugs /$cAndrew T. Chan, Elmar Detering, editors.
=260  \\$aHeidelberg :$bSpringer,$cc2013.
=300  \\$aviii, 183 p. :$bill. (some col.) ;$c24 cm.
=336  \\$atext$2rdacontent
=337  \\$aunmediated$2rdamedia
=338  \\$avolume$2rdacarrier
=490  0\$aRecent results in cancer research,$x0080-0015 ;$vv. 191
=504  \\$aIncludes bibliographical references.
=530  \\$aAlso published electronically.
=540  \\$aCurrent copyright fee: GBP19.00$c42\0$5Uk
=650  \0$aColon (Anatomy)$xCancer$xChemoprevention.
=650  \0$aRectum$xCancer$xChemoprevention.
=650  \0$aAnti-inflammatory agents.
=700  1\$aChan, Andrew T.
=700  1\$aDetering, Elmar.
=852  41$aBritish Library$bSTI
=852  41$aBritish Library$bDSC$j7305.090000
=852  11$aBritish Library$bSTI$k(B)$h616.994347$ivol. 191
=856  \\$31850-9999$uhttp://www.springer.com/gb/$xBLDSS
=856  40$3SpringerLink$uhttp://dx.doi.org/10.1007/978-3-642-30331-9
=ACF  \\$aPrevious copyright fee: GBP22.00$c42\0$e12-aug-2012$fGBP22.00$g0$hP$5Uk
=ACF  \\$aPrevious copyright fee: GBP18.72$c42\0$e01-jan-2013$fGBP18.72$g0$hP$5Uk
=ACF  \\$aPrevious copyright fee: GBP19.32$c42\0$e01-jul-2013$fGBP19.32$g0$hP$5Uk
=ACF  \\$aPrevious copyright fee: GBP18.72$c42\0$e01-jan-2014$fGBP18.72$g0$hP$5Uk
=ACF  \\$aPrevious copyright fee: GBP18.15$c42\0$e01-jul-2014$fGBP18.15$g0$hP$5Uk
=ACF  \\$aPrevious copyright fee: GBP19.32$c42\0$e01-apr-2015$fGBP19.32$g0$hP$5Uk
=ACF  \\$aPrevious copyright fee: GBP19.97$c42\0$e01-jul-2015$fGBP19.97$g0$hP$5Uk
=ACF  \\$aPrevious copyright fee: GBP19.32$c42\0$e01-oct-2015$fGBP19.32$g0$hP$5Uk
=ACF  \\$aPrevious copyright fee: GBP20.66$c42\0$e01-apr-2016$fGBP20.66$g0$hP$5Uk
=ACF  \\$aPrevious copyright fee: GBP22.19$c42\0$e01-oct-2016$fGBP22.19$g0$hP$5Uk
=ACF  \\$aPrevious copyright fee: GBP23.96$c42\0$e01-apr-2017$fGBP23.96$g0$hP$5Uk
=ACF  \\$aPrevious copyright fee: GBP23.04$c42\0$e01-oct-2017$fGBP23.04$g0$hP$5Uk
=CAT  \\$a8411$b40$c20120921$lBLL01$h1205
=CAT  \\$aIPL-CLA$c20140101$lBLL01$h0203
=CAT  \\$aBATCH-UPD$b00$c20140527$lBLL01$h2240
=CAT  \\$aBATCH-CLA$c20140528$lBLL01$h1813
=CAT  \\$aIPL-CLA$c20140630$lBLL01$h1757
=CAT  \\$aBLDSS-3PM$b00$c20150102$lBLL01$h1736
=CAT  \\$aBATCH-UPD$b00$c20150219$lBLL01$h1924
=CAT  \\$aIPL-CLA$c20150331$lBLL01$h1720
=CAT  \\$aBATCH-UPD$b00$c20150520$lBLL01$h1922
=CAT  \\$aIPL-CLA$c20150630$lBLL01$h1718
=CAT  \\$aBATCH-UPD$b00$c20150820$lBLL01$h1952
=CAT  \\$aIPL-CLA$c20150930$lBLL01$h1846
=CAT  \\$aBATCH-UPD$b00$c20160217$lBLL01$h1850
=CAT  \\$aIPL-CLA$c20160331$lBLL01$h1809
=CAT  \\$aBATCH-UPD$b00$c20160524$lBLL01$h2253
=CAT  \\$aBATCH-UPD$b00$c20160525$lBLL01$h0603
=CAT  \\$aBATCH-UPD$b00$c20160824$lBLL01$h1909
=CAT  \\$aIPL-CLA$c20160930$lBLL01$h1637
=CAT  \\$aBATCH-UPD$b00$c20170216$lBLL01$h1953
=CAT  \\$aIPL-CLA$c20170331$lBLL01$h1914
=CAT  \\$aBATCH-UPD$b00$c20170904$lBLL01$h2021
=CAT  \\$aIPL-CLA$c20170929$lBLL01$h1800
=CAT  \\$aBATCH-UPD$b00$c20180223$lBLL01$h1919
=CAT  \\$aIPL-CLA$c20180331$lBLL01$h1701
=CAT  \\$aBATCH-UPD$b00$c20180524$lBLL01$h1804
=CAT  \\$aIPL-CLA$c20180630$lBLL01$h1936
=CFI  0\$aCurrent copyright fee: GBP19.00$c42\0$e01-jul-2018$fGBP19.00$g0$hP$5Uk
=CFI  2\$aPrevious copyright fee: GBP21.39$c42\0$e01-apr-2018$fGBP21.39$g0$hP$5Uk
=FFP  \\$aY$bBLDSS-3PM
=FIN  \\$aY$d20120921
=FMT  \\$a  BK
=LAS  \\$aIPL-CLA$b00$c20180630$lBLL01$h1936
=SID  \\$aZ39$bOCLC
=TCO  \\$aDEU$bVG WORT$c008
=UNO  \\$aY

