=LDR  03299cam a2200721 a 4500
=001  014669920
=003  Uk
=005  20220426010511.0
=008  080611s2008\\\\ne\ab\\\\b\\\\001\0\eng\\
=010  \\$a2008025430  
=015  \\$aGBA889575$2bnb
=016  7\$a014669920$2Uk
=020  \\$a9789004164642 (hbk.) :$cNo price
=020  \\$a9004164642 (hbk.) :$cNo price
=040  \\$aStDuBDS$beng$cStDuBDS$dUk
=042  \\$aukblsr
=043  \\$af-cg---
=050  00$aBV639.I4$bW55 2008
=082  00$a261.836$222
=100  1\$aWild-Wood, Emma.
=245  10$aMigration and Christian identity in Congo (DRC) /$cby Emma Wild-Wood.
=260  \\$aLeiden :$bBrill ;$aBiggleswade :$bExtenza Turpin [distributor],$c2008.
=300  \\$a235 p. :$bill., maps ;$c25 cm.
=336  \\$atext$2rdacontent
=337  \\$aunmediated$2rdamedia
=338  \\$avolume$2rdacarrier
=490  1\$aStudies of religion in Africa,$x0169-9814 ;$vv. 35
=500  \\$aFormerly CIP.$5Uk
=504  \\$aIncludes bibliographical references (p. [219]-230) and index.
=505  0\$aOf roots and routes : an introduction -- "Their own church" : l'Eglise Anglicane du Congo, 1896-1960 -- Being at home in a new place : EAC growth through rural-urban migration -- Returning home to a strange land : EAC growth through trans-border migration -- Contesting unity and order : inter-church conflict -- Homeless and free for the gospel : revivalists in the EAC -- Weak vessels or church foundations? : women in the EAC -- "Young people, keep your faith" : youth, spirit, and contemporary Christian expression -- Migrant Anglican identity in Congo.
=540  \\$aCurrent copyright fee: GBP22.00$c74\0$5Uk
=650  \0$aChurch work with immigrants$xAnglican Communion.
=650  \0$aEmigration and immigration$xReligious aspects$xAnglican Communion.
=650  \0$aIdentification (Religion)
=650  \0$aAnglican Communion$zCongo (Democratic Republic)
=830  \0$aStudies on religion in Africa ;$v35.
=852  41$aBritish Library$bDSC$j8491.432000
=852  41$aBritish Library$bHMNTS
=852  41$aBritish Library$bHMNTS$jYD.2008.a.10017
=856  \\$31850-9999$uhttp://booksandjournals.brillonline.com/$xBLDSS
=856  41$3Table of contents only$uhttp://www.loc.gov/catdir/toc/ecip0821/2008025430.html
=BUF  \\$aN$d20081205
=CAT  \\$aBATCH-CIPN$b00$c20080715$lBLL01$h1703
=CAT  \\$aBATCH$b00$c20080715$lBLL01$h1705
=CAT  \\$aBATCH$b00$c20080715$lBLL01$h1714
=CAT  \\$a8197$b40$c20081205$lBLL01$h1633
=CAT  \\$a8197$b40$c20081205$lBLL01$h1635
=CAT  \\$aBATCH-BUOC$b00$c20090924$lBLL01$h2208
=CAT  \\$aBATCH$b00$c20090924$lBLL01$h2209
=CAT  \\$aWR16_021$c20160621$lBLL01$h1809
=CAT  \\$a8411$b40$c20220416$lBLL01$h0933
=CAT  \\$aBATCH-CLA$b00$c20220417$lBLL01$h0103
=CAT  \\$aBATCH-UNOA$c20220420$lBLL01$h0047
=CAT  \\$aBATCH-CLA$b00$c20220421$lBLL01$h0104
=CAT  \\$aBLDSS-3PM$b00$c20220425$lBLL01$h1149
=CAT  \\$aBATCH-UPD$b00$c20220425$lBLL01$h1149
=CAT  \\$aBATCH-CLA$b00$c20220426$lBLL01$h0105
=CFI  0\$aCurrent copyright fee: GBP22.00$c74\0$e05-nov-2012$fGBP22.00$g0$hP$5Uk
=FFP  \\$aY$bBLDSS-3PM
=FIN  \\$aY$d20081205
=FMT  \\$a  BK
=LAS  \\$aBATCH-CLA$b00$c20220426$lBLL01$h0105
=UNO  \\$aY

